"Count","Tradelist Count","Name","Edition","Condition","Language","Foil","Tags","Last Modified","Collector Number","Alter","Proxy","Purchase Price"
"9","9","+2 Mace","afr","Near Mint","English","","","2025-02-16 22:29:52.167000","1","False","False","0.35"
"1","1","A Good Day to Pie","unf","Near Mint","English","","","2025-02-16 22:29:52.167000","12","False","False","0.35"
"2","2","Aarakocra Sneak","clb","Near Mint","Spanish","","","2025-02-16 22:29:20.027000","54","False","False",""
"2","2","Aarakocra Sneak","clb","Near Mint","English","","","2025-02-16 22:29:20.027000","54","False","False",""
"1","1","Abattoir Ghoul","isd","Near Mint","English","","","2025-02-16 22:29:52.167000","85","False","False","0.35"
"1","1","Abbot of Keral Keep","2x2","Near Mint","Spanish","","","2025-04-20 01:45:12.920000","100","False","False","0.49"
"1","1","Abbot of Keral Keep","2x2","Near Mint","English","","","2025-04-20 01:45:12.920000","100","False","False","0.49"
"3","3","Abdel Adrian, Gorion's Ward","clb","Near Mint","Spanish","","","2025-02-16 22:29:52.167000","2","False","False","0.35"
"3","3","Aberrant Mind Sorcerer","afr","Near Mint","English","","","2025-02-16 22:29:20.027000","44","False","False",""
"1","1","Abiding Grace","mh2","Near Mint","English","","","2025-02-16 22:29:20.027000","1","False","False",""
"1","1","Abrade","cmm","Near Mint","English","","","2025-05-24 13:34:17.540000","203","False","False","0.35"
"1","1","Abrupt Decay","mb2","Near Mint","English","","","2025-04-24 02:34:44.070000","78","False","False","1.99"
"1","1","Absorb Vis","plst","Near Mint","English","","","2025-02-16 22:29:52.167000","CN2-126","False","False","0.35"
"2","2","Abstruse Interference","ogw","Near Mint","English","","","2025-02-16 22:29:20.027000","40","False","False",""
"1","1","Abuna Acolyte","som","Near Mint","Spanish","","","2025-02-16 22:29:52.167000","1","False","False","0.35"
"1","1","Abuna Acolyte","som","Near Mint","English","","","2025-02-16 22:29:52.167000","1","False","False","0.35"
"1","1","Abundant Harvest","mh2","Near Mint","English","foil","","2025-02-16 22:29:52.167000","147","False","False","0.49"
"1","1","Abundant Harvest","mh2","Near Mint","English","","","2025-02-16 22:29:20.027000","354","False","False",""
"4","4","Abundant Harvest","mh2","Near Mint","English","","","2025-02-16 22:29:20.027000","147","False","False",""
"1","1","Abyssal Harvester","fdn","Near Mint","Spanish","foil","","2025-04-24 02:34:44.070000","54","False","False","1.49"
"3","3","Abzan Charm","ktk","Near Mint","Spanish","","","2025-02-16 22:29:52.167000","161","False","False","0.39"
"3","3","Abzan Charm","ktk","Near Mint","English","","","2025-03-03 01:07:16.763000","161","False","False","0.39"
"1","1","Abzan Falconer","plst","Near Mint","English","","","2025-02-16 22:29:52.167000","KTK-2","False","False","0.35"
"1","1","Academy Journeymage","plst","Near Mint","English","","","2025-02-16 22:29:52.167000","DOM-41","False","False","0.35"
"1","1","Academy Manufactor","mh2","Near Mint","English","foil","","2025-02-16 22:29:52.167000","219","False","False","7.99"
"1","1","Acceptable Losses","ody","Near Mint","Spanish","","","2025-02-16 22:29:52.167000","172","False","False","0.35"
"2","2","Accorder's Shield","som","Near Mint","English","","","2025-02-16 22:29:52.167000","136","False","False","0.35"
"1","1","Accursed Centaur","ons","Near Mint","Spanish","","","2025-02-16 22:29:52.167000","123","False","False","0.35"
"1","1","Accursed Spirit","plst","Near Mint","English","","","2025-02-16 22:29:52.167000","M15-85","False","False","0.35"
"2","2","Accursed Spirit","m15","Near Mint","Spanish","","","2025-02-16 22:29:52.167000","85","False","False","0.35"
"1","1","Acererak the Archlich","afr","Near Mint","English","","","2025-06-08 17:41:23.943000","87","False","False","2.99"
"1","1","Acidic Sliver","sth","Near Mint","English","","","2025-02-16 22:29:52.167000","126","False","False","0.35"
"1","1","Acolyte of Bahamut","clb","Near Mint","Spanish","","","2025-02-16 22:29:20.027000","212","False","False",""
"1","1","Acolyte of Bahamut","clb","Near Mint","English","","","2025-02-16 22:29:20.027000","212","False","False",""
"2","2","Act of Aggression","nph","Near Mint","Spanish","","","2025-02-16 22:29:52.167000","78","False","False","0.49"
"1","1","Adanto Vanguard","plst","Near Mint","English","","","2025-02-16 22:29:52.167000","XLN-1","False","False","0.35"
"1","1","Adaptive Shimmerer","iko","Near Mint","English","","","2025-02-16 22:29:52.167000","1","False","False","0.35"
"1","1","Adult Gold Dragon","afr","Near Mint","English","","","2025-02-16 22:29:20.027000","216","False","False",""
"1","1","Advanced Hoverguard","5dn","Near Mint","Spanish","","","2025-02-16 22:29:52.167000","22","False","False","0.35"
"2","2","Adventurer's Airship","fin","Near Mint","English","","","2025-06-28 17:20:53.137000","252","False","False","0.35"
"1","1","Adventuring Gear","zen","Near Mint","Spanish","","","2025-02-16 22:29:52.167000","195","False","False","0.35"
"1","1","Adventurous Impulse","iko","Near Mint","English","","","2025-02-16 22:29:52.167000","142","False","False","0.35"
"1","1","Adventurous Impulse","plst","Near Mint","English","","","2025-02-16 22:29:52.167000","DOM-153","False","False","0.35"
"1","1","Aegar, the Freezing Flame","mul","Near Mint","English","foil","","2025-02-16 22:29:52.167000","161","False","False","0.49"
"1","1","Aegar, the Freezing Flame","mul","Near Mint","English","etched","","2025-02-16 22:29:52.167000","96","False","False","0.49"
"1","1","Aegar, the Freezing Flame","mul","Near Mint","English","foil","","2025-02-16 22:29:52.167000","31","False","False","0.49"
"1","1","Aegis Turtle","iko","Near Mint","English","","","2025-02-16 22:29:52.167000","39","False","False","0.35"
"1","1","Aerial Boost","mom","Near Mint","English","foil","","2025-02-16 22:29:52.167000","2","False","False","0.49"
"1","1","Aerie Bowmasters","plst","Near Mint","English","","","2025-02-16 22:29:52.167000","DTK-170","False","False","0.35"
"1","1","Aerith Rescue Mission","fin","Near Mint","English","","","2025-06-28 17:20:53.137000","5","False","False","0.35"
"4","4","Aeromoeba","mh2","Near Mint","English","","","2025-02-16 22:29:52.167000","37","False","False","0.35"
"3","3","Aeromoeba","mh2","Near Mint","English","","","2025-02-16 22:29:52.167000","389","False","False","0.35"
"1","1","Aether Channeler","dmu","Near Mint","Spanish","","","2025-06-08 17:41:23.943000","42","False","False","0.49"
"1","1","Aether Channeler","dmu","Near Mint","English","","","2025-06-08 17:41:23.943000","42","False","False","0.49"
"1","1","Aether Figment","zen","Near Mint","Spanish","foil","","2025-02-16 22:29:52.167000","40","False","False","0.49"
"1","1","Aether Hub","kld","Near Mint","Spanish","","","2025-02-16 22:29:52.167000","242","False","False","0.35"
"1","1","Aether Hub","kld","Near Mint","English","","","2025-02-16 22:29:52.167000","242","False","False","0.35"
"2","2","Aether Meltdown","kld","Near Mint","English","","","2025-02-16 22:29:52.167000","36","False","False","0.35"
"1","1","Aether Theorist","kld","Near Mint","Spanish","","","2025-02-16 22:29:52.167000","37","False","False","0.35"
"1","1","Aether Tradewinds","plst","Near Mint","English","","","2025-02-16 22:29:52.167000","KLD-38","False","False","0.35"
"1","1","Aether Tradewinds","kld","Near Mint","Spanish","","","2025-02-16 22:29:52.167000","38","False","False","0.35"
"1","1","Aetherblade Agent // Gitaxian Mindstinger","mom","Near Mint","English","foil","","2025-02-16 22:29:52.167000","88","False","False","0.49"
"1","1","Aetherflux Reservoir","brr","Near Mint","Spanish","","","2025-05-09 17:41:04.707000","65","False","False",""
"1","1","Aetherling","dgm","Near Mint","Spanish","","","2025-04-20 01:45:12.920000","11","False","False","0.59"
"2","2","Aethersphere Harvester","aer","Near Mint","Spanish","","","2025-02-16 22:29:52.167000","142","False","False","0.49"
"1","1","Aetherspouts","m15","Near Mint","Spanish","foil","","2025-02-16 22:29:52.167000","44","False","False","3.49"
"1","1","Aetherspouts","mic","Near Mint","English","","","2025-02-16 22:29:52.167000","97","False","False","1.29"
"3","3","Aeve, Progenitor Ooze","mh2","Near Mint","English","","","2025-02-16 22:29:52.167000","148","False","False","0.49"
"1","1","Affa Protector","plst","Near Mint","English","","","2025-02-16 22:29:52.167000","OGW-14","False","False","0.35"
"1","1","Affectionate Indrik","plst","Near Mint","English","","","2025-02-16 22:29:52.167000","GRN-121","False","False","0.35"
"1","1","Afterburner Expert","dft","Near Mint","English","foil","","2025-03-21 22:46:03.253000","150","False","False","1.49"
"1","1","Agatha of the Vile Cauldron","woe","Near Mint","Spanish","","","2025-03-16 04:07:40.690000","199","False","False","1.99"
"3","3","Agent of the Iron Throne","clb","Near Mint","Spanish","","","2025-02-16 22:29:20.027000","107","False","False",""
"2","2","Agent of the Shadow Thieves","clb","Near Mint","Spanish","","","2025-02-16 22:29:20.027000","108","False","False",""
"1","1","Agent of the Shadow Thieves","clb","Near Mint","English","","","2025-02-16 22:29:20.027000","108","False","False",""
"2","2","Agonizing Remorse","thb","Near Mint","English","","","2025-02-16 22:29:20.027000","83","False","False",""
"1","1","Ahriman","fin","Near Mint","English","","","2025-06-28 17:20:53.137000","87","False","False","0.35"
"1","1","Ahriman","fin","Near Mint","English","foil","","2025-06-28 17:20:53.137000","87","False","False","0.49"
"1","1","Aid the Fallen","plst","Near Mint","English","","","2025-02-16 22:29:52.167000","WAR-76","False","False","0.35"
"1","1","Ainok Bond-Kin","cmm","Near Mint","English","","","2025-02-16 22:29:20.027000","7","False","False",""
"1","1","Ainok Bond-Kin","ktk","Near Mint","Spanish","","","2025-02-16 22:29:52.167000","3","False","False","0.35"
"1","1","Ainok Bond-Kin","plst","Near Mint","English","","","2025-02-16 22:29:52.167000","KTK-3","False","False","0.35"
"1","1","Ainok Survivalist","plst","Near Mint","English","","","2025-02-16 22:29:52.167000","DTK-172","False","False","0.35"
"1","1","Ainok Tracker","plst","Near Mint","English","","","2025-02-16 22:29:52.167000","KTK-96","False","False","0.35"
"7","7","Air-Cult Elemental","afr","Near Mint","English","","","2025-02-16 22:29:20.027000","45","False","False",""
"1","1","Airship Crash","fin","Near Mint","English","","","2025-06-28 17:20:53.137000","171","False","False","0.35"
"1","1","Ajani, Caller of the Pride","fdn","Near Mint","Spanish","","","2025-02-16 22:29:52.167000","134","False","False","1.79"
"1","1","Ajani's Pridemate","plst","Near Mint","English","","","2025-02-16 22:29:52.167000","WAR-4","False","False","0.35"
"1","1","Akoum Battlesinger","wwk","Near Mint","Italian","","","2025-02-16 22:29:52.167000","71","False","False","0.35"
"2","2","Akoum Flameseeker","ogw","Near Mint","English","","","2025-02-16 22:29:20.027000","101","False","False",""
"1","1","Akoum Hellkite","bfz","Near Mint","Spanish","","","2025-02-16 22:29:52.167000","139","False","False","0.49"
"1","1","Akoum Refuge","plst","Near Mint","English","","","2025-02-16 22:29:52.167000","CMA-238","False","False","0.35"
"1","1","Akroan Horse","ths","Near Mint","English","","","2025-04-20 01:45:12.920000","210","False","False","0.69"
"2","2","Akroan Sergeant","plst","Near Mint","English","","","2025-02-16 22:29:52.167000","ORI-130","False","False","0.35"
"1","1","Alabaster Host Sanctifier","mom","Near Mint","English","foil","","2025-02-16 22:29:52.167000","4","False","False","0.49"
"1","1","Alaundo the Seer","clb","Near Mint","Spanish","","","2025-02-16 22:29:20.027000","264","False","False",""
"1","1","Alchemist's Retrieval","vow","Near Mint","English","","","2025-02-16 22:29:52.167000","47","False","False","0.35"
"1","1","Alesha, Who Smiles at Death","c16","Near Mint","Spanish","","","2025-03-04 03:01:15.437000","119","False","False","0.49"
"1","1","Alesha, Who Smiles at Death","2x2","Near Mint","Spanish","","","2025-04-20 01:45:12.920000","101","False","False","0.49"
"1","1","Alesha's Vanguard","plst","Near Mint","English","","","2025-02-16 22:29:52.167000","FRF-60","False","False","0.35"
"1","1","Alhammarret's Archive","plst","Near Mint","English","","","2025-02-16 22:29:52.167000","ORI-221","False","False","17.99"
"1","1","Alharu, Solemn Ritualist","cmm","Near Mint","English","","","2025-02-16 22:29:20.027000","8","False","False",""
"1","1","All Is Dust","plst","Near Mint","English","","","2025-02-16 22:29:52.167000","MM2-1","False","False","5.49"
"1","1","Alley Evasion","plst","Near Mint","English","","","2025-02-16 22:29:52.167000","AER-6","False","False","0.35"
"1","1","Alley Strangler","plst","Near Mint","English","","","2025-02-16 22:29:52.167000","AER-52","False","False","0.35"
"1","1","Alloy Myr","plst","Near Mint","English","","","2025-02-16 22:29:52.167000","MM2-201","False","False","1.29"
"3","3","Alloy Myr","mm2","Near Mint","English","","","2025-02-16 22:29:20.027000","201","False","False",""
"2","2","Alloy Myr","nph","Near Mint","Spanish","","","2025-02-16 22:29:52.167000","129","False","False","0.99"
"1","1","Alluring Scent","me4","Near Mint","English","","","2025-03-21 22:46:03.253000","141","False","False",""
"1","1","Alluring Siren","m12","Near Mint","Spanish","","","2025-02-16 22:29:52.167000","42","False","False","0.35"
"2","2","Alora, Merry Thief","clb","Near Mint","Spanish","","","2025-02-16 22:29:52.167000","55","False","False","0.35"
"1","1","Alora, Merry Thief","clb","Near Mint","Spanish","foil","","2025-02-16 22:29:20.027000","381","False","False",""
"2","2","Alpha Tyrranax","som","Near Mint","Spanish","","","2025-02-16 22:29:52.167000","109","False","False","0.35"
"4","4","Alseid of Life's Bounty","thb","Near Mint","English","","","2025-02-16 22:29:20.027000","1","False","False",""
"1","1","Altar of Bhaal // Bone Offering","clb","Near Mint","Spanish","","","2025-02-16 22:29:20.027000","109","False","False",""
"1","1","Altar of the Brood","ktk","Near Mint","English","","","2025-04-20 01:45:12.920000","216","False","False","18.99"
"2","2","Altar of the Goyf","mh2","Near Mint","English","","","2025-02-16 22:29:52.167000","220","False","False","0.35"
"3","3","Altar's Reap","isd","Near Mint","English","","","2025-02-16 22:29:52.167000","86","False","False","0.35"
"1","1","Always Watching","soi","Near Mint","English","","","2025-02-16 22:29:52.167000","1","False","False","1.79"
"1","1","Always Watching","soi","Near Mint","Spanish","","","2025-02-16 22:29:52.167000","1","False","False","1.79"
"1","1","Amass the Components","plst","Near Mint","English","","","2025-02-16 22:29:52.167000","IMA-41","False","False","0.35"
"1","1","Amber Gristle O'Maul","clb","Near Mint","English","","","2025-02-16 22:29:20.027000","159","False","False",""
"4","4","Amber Gristle O'Maul","clb","Near Mint","Spanish","","","2025-02-16 22:29:20.027000","159","False","False",""
"1","1","Amber Gristle O'Maul","clb","Near Mint","Spanish","","","2025-02-16 22:29:20.027000","395","False","False",""
"1","1","Ambition's Cost","clb","Near Mint","English","","","2025-02-16 22:29:20.027000","110","False","False",""
"1","1","Ambition's Cost","clb","Near Mint","English","foil","","2025-02-16 22:29:20.027000","110","False","False",""
"1","1","Ambition's Cost","8ed","Near Mint","Spanish","","","2025-02-16 22:29:52.167000","118","False","False","0.49"
"1","1","Ambition's Cost","clb","Near Mint","Spanish","","","2025-02-16 22:29:20.027000","110","False","False",""
"2","2","Ambitious Dragonborn","clb","Near Mint","English","","","2025-02-16 22:29:52.167000","213","False","False","0.35"
"2","2","Ambitious Dragonborn","clb","Near Mint","Spanish","","","2025-02-16 22:29:52.167000","213","False","False","0.35"
"1","1","Ambrosia Whiteheart","fin","Near Mint","English","","","2025-06-28 17:20:53.137000","6","False","False","0.35"
"1","1","Ambush Commander","plst","Near Mint","English","","","2025-03-21 22:46:03.253000","EVG-1","False","False","1.29"
"2","2","Amethyst Dragon // Explosive Crystal","clb","Near Mint","Spanish","","","2025-02-16 22:29:20.027000","160","False","False",""
"1","1","Amethyst Dragon // Explosive Crystal","clb","Near Mint","English","","","2025-02-16 22:29:20.027000","160","False","False",""
"1","1","Aminatou's Augury","plst","Near Mint","English","","","2025-02-16 22:29:52.167000","C18-6","False","False","0.49"
"1","1","Amulet of Kroog","atq","Heavily Played","English","","","2025-02-16 22:29:52.167000","36","False","False","0.35"
"10","10","An Offer You Can't Refuse","slp","Near Mint","English","","","2025-05-24 13:41:18.463000","7","False","False",""
"1","1","Anarchist","ody","Near Mint","Spanish","","","2025-02-16 22:29:52.167000","173","False","False","0.35"
"1","1","Ancestral Blade","m20","Near Mint","English","","","2025-02-16 22:29:52.167000","3","False","False","0.35"
"1","1","Ancestral Vengeance","plst","Near Mint","English","","","2025-02-16 22:29:52.167000","FRF-61","False","False","0.35"
"1","1","Ancient Brontodon","plst","Near Mint","English","","","2025-02-16 22:29:52.167000","XLN-175","False","False","0.49"
"1","1","Ancient Crab","ogw","Near Mint","English","","","2025-02-16 22:29:20.027000","50","False","False",""
"1","1","Ancient Den","plst","Near Mint","English","","","2025-03-21 22:46:03.253000","MRD-278","False","False","4.49"
"1","1","Ancient Grudge","plst","Near Mint","English","","","2025-02-16 22:29:52.167000","MM3-88","False","False","0.35"
"1","1","Ancient Imperiosaur","mom","Near Mint","Spanish","","","2025-06-08 17:41:23.943000","174","False","False","0.49"
"1","1","Ancient Lumberknot","vow","Near Mint","English","","","2025-02-16 22:29:52.167000","230","False","False","0.35"
"1","1","Ancient Tomb","plst","Near Mint","English","","","2025-06-08 17:41:23.943000","TMP-315","False","False","129.99"
"1","1","Ancient Ziggurat","con","Near Mint","English","","","2025-02-16 22:29:52.167000","141","False","False","4.49"
"1","1","Andúril, Narsil Reforged","ltc","Near Mint","English","foil","","2025-02-26 22:56:15.417000","491","False","False","12.99"
"1","1","Angel of Glory's Rise","avr","Near Mint","English","","","2025-05-11 20:52:26.510000","1","False","False","0.49"
"1","1","Angel of Sanctions","drc","Near Mint","English","","","2025-03-21 22:46:03.253000","62","False","False","0.99"
"1","1","Angel of Serenity","c21","Near Mint","English","","","2025-03-16 04:07:40.690000","83","False","False","1.29"
"5","5","Angelic Curator","mh2","Near Mint","English","","","2025-02-16 22:29:20.027000","262","False","False",""
"1","1","Angelic Gift","plst","Near Mint","English","","","2025-02-16 22:29:52.167000","BBD-88","False","False","0.35"
"1","1","Angelic Harold","unf","Near Mint","English","foil","","2025-02-16 22:29:52.167000","162","False","False","0.49"
"1","1","Angelic Observer","snc","Near Mint","Spanish","","","2025-02-16 22:29:20.027000","1","False","False",""
"1","1","Angelic Purge","plst","Near Mint","English","","","2025-02-16 22:29:52.167000","SOI-3","False","False","0.35"
"1","1","Angel's Feather","m12","Near Mint","English","","","2025-03-04 03:01:15.437000","202","False","False","0.35"
"1","1","Anger of the Gods","ths","Near Mint","German","","","2025-02-16 22:29:20.027000","112","False","False",""
"1","1","Anger of the Gods","2x2","Near Mint","English","","","2025-04-20 01:45:12.920000","358","False","False","1.29"
"1","1","Anger of the Gods","ths","Near Mint","English","","","2025-05-24 00:25:24.197000","112","False","False",""
"1","1","Angrath's Rampage","war","Near Mint","Spanish","","","2025-03-04 03:01:15.437000","185","False","False","0.35"
"1","1","Animist's Might","mat","Near Mint","English","etched","","2025-02-16 22:30:24.253000","120","False","False","0.16"
"1","1","Annihilate","plst","Near Mint","English","","","2025-02-16 22:29:52.167000","EMA-79","False","False","0.35"
"1","1","Anoint with Affliction","one","Near Mint","Spanish","","","2025-03-23 19:04:57.050000","81","False","False","1.29"
"1","1","Another Round","otj","Near Mint","English","","","2025-06-08 17:41:23.943000","1","False","False","0.59"
"1","1","Anowon, the Ruin Sage","voc","Near Mint","Spanish","","","2025-05-24 13:34:17.540000","118","False","False","3.99"
"1","1","Anowon, the Ruin Thief","znc","Near Mint","English","foil","","2025-03-04 03:01:15.437000","1","False","False","0.99"
"1","1","Antagonize","snc","Near Mint","Spanish","","","2025-02-16 22:29:20.027000","100","False","False",""
"1","1","Anticipate","bfz","Near Mint","English","","","2025-02-16 22:29:52.167000","69","False","False","0.35"
"2","2","Anticipate","dtk","Near Mint","English","","","2025-02-16 22:29:52.167000","45","False","False","0.35"
"1","1","Anticipate","iko","Near Mint","English","","","2025-02-16 22:29:52.167000","40","False","False","0.35"
"3","3","Anticipate","bfz","Near Mint","Spanish","","","2025-02-16 22:29:52.167000","69","False","False","0.35"
"1","1","Anticipate","plst","Near Mint","English","","","2025-02-16 22:29:52.167000","M19-44","False","False","0.35"
"1","1","Anvilwrought Raptor","m20","Near Mint","English","","","2025-02-16 22:29:52.167000","221","False","False","0.35"
"1","1","Apocalypse Hydra","mm2","Near Mint","English","","","2025-02-16 22:29:20.027000","171","False","False",""
"5","5","Apostle's Blessing","nph","Near Mint","Spanish","","","2025-02-16 22:29:52.167000","2","False","False","0.39"
"1","1","Appetite for Brains","avr","Near Mint","Spanish","","","2025-02-16 22:29:52.167000","84","False","False","0.35"
"1","1","Appetite for the Unnatural","kld","Near Mint","English","","","2025-02-16 22:29:52.167000","141","False","False","0.35"
"1","1","Apprentice Sharpshooter","vow","Near Mint","English","","","2025-02-16 22:29:52.167000","185","False","False","0.35"
"1","1","Approach of the Second Sun","q06","Near Mint","English","","","2025-02-16 22:29:20.027000","1","False","False",""
"8","8","Aquamoeba","dmr","Near Mint","English","","","2025-02-16 22:30:08.180000","38","False","False","0.04"
"1","1","Arachnoid Adaptation","mom","Near Mint","English","foil","","2025-02-16 22:29:52.167000","175","False","False","0.49"
"1","1","Arachnus Web","plst","Near Mint","English","","","2025-02-16 22:29:52.167000","MM3-118","False","False","0.35"
"1","1","Aradara Express","kld","Near Mint","Spanish","","","2025-02-16 22:29:52.167000","195","False","False","0.35"
"6","6","Arborea Pegasus","afr","Near Mint","English","","","2025-02-16 22:29:52.167000","2","False","False","0.35"
"3","3","Arboreal Grazer","war","Near Mint","English","","","2025-03-20 02:09:59.523000","149","False","False",""
"1","1","Arboria","dmr","Near Mint","English","","","2025-02-16 22:29:20.027000","149","False","False",""
"1","1","Arc Spitter","snc","Near Mint","Spanish","","","2025-02-16 22:29:20.027000","233","False","False",""
"1","1","Arc Trail","plst","Near Mint","English","","","2025-02-16 22:29:52.167000","PCA-39","False","False","0.35"
"1","1","Arcades, the Strategist","m19","Near Mint","English","","","2025-03-21 22:46:03.253000","212","False","False","5.49"
"1","1","Arcane Encyclopedia","clb","Near Mint","English","foil","","2025-02-16 22:29:52.167000","297","False","False","0.49"
"1","1","Arcane Encyclopedia","clb","Near Mint","English","","","2025-02-16 22:29:52.167000","297","False","False","0.35"
"2","2","Arcane Encyclopedia","clb","Near Mint","Spanish","","","2025-02-16 22:29:52.167000","297","False","False","0.35"
"1","1","Arcane Investigator","afr","Near Mint","English","foil","","2025-02-16 22:29:20.027000","46","False","False",""
"11","11","Arcane Investigator","afr","Near Mint","English","","","2025-02-16 22:29:20.027000","46","False","False",""
"1","1","Arcane Signet","clb","Near Mint","Spanish","","","2025-06-08 17:58:59.950000","298","False","False","1.29"
"1","1","Arcane Signet","clb","Near Mint","English","","","2025-02-16 22:29:52.167000","298","False","False","1.29"
"1","1","Arcbond","frf","Near Mint","Spanish","","","2025-04-20 01:45:12.920000","91","False","False","1.79"
"2","2","Arcbound Javelineer","mh2","Near Mint","English","","","2025-02-16 22:29:20.027000","2","False","False",""
"7","7","Arcbound Mouser","mh2","Near Mint","English","","","2025-02-16 22:29:20.027000","3","False","False",""
"1","1","Arcbound Prototype","mh2","Near Mint","English","foil","","2025-02-16 22:29:20.027000","4","False","False",""
"8","8","Arcbound Prototype","mh2","Near Mint","English","","","2025-02-16 22:29:20.027000","4","False","False",""
"1","1","Arcbound Shikari","mh2","Near Mint","English","","","2025-02-16 22:29:20.027000","184","False","False",""
"1","1","Arcbound Shikari","mh2","Near Mint","English","","","2025-02-16 22:29:20.027000","360","False","False",""
"1","1","Arcbound Shikari","mh2","Near Mint","English","foil","","2025-02-16 22:29:20.027000","184","False","False",""
"1","1","Arcbound Slasher","mh2","Near Mint","English","foil","","2025-02-16 22:29:20.027000","111","False","False",""
"7","7","Arcbound Slasher","mh2","Near Mint","English","","","2025-02-16 22:29:20.027000","111","False","False",""
"1","1","Arcbound Slith","plst","Near Mint","English","","","2025-02-16 22:29:52.167000","DST-102","False","False","0.79"
"1","1","Arcbound Tracker","mh2","Near Mint","English","foil","","2025-02-16 22:29:20.027000","112","False","False",""
"6","6","Arcbound Tracker","mh2","Near Mint","English","","","2025-02-16 22:29:20.027000","112","False","False",""
"1","1","Arcbound Whelp","mh2","Near Mint","English","","","2025-02-16 22:29:20.027000","113","False","False",""
"1","1","Arcbound Whelp","mh2","Near Mint","English","foil","","2025-02-16 22:29:20.027000","113","False","False",""
"1","1","Archaeomancer","m14","Near Mint","Spanish","","","2025-02-16 22:29:52.167000","43","False","False","0.35"
"1","1","Archangel","plst","Near Mint","English","","","2025-02-16 22:29:52.167000","C13-5","False","False","0.35"
"1","1","Archelos, Lagoon Mystic","cmr","Near Mint","English","","","2025-03-04 03:01:15.437000","268","False","False","0.49"
"1","1","Archers' Parapet","ktk","Near Mint","Spanish","","","2025-02-16 22:29:52.167000","128","False","False","0.35"
"1","1","Archetype of Imagination","c18","Near Mint","Spanish","","","2025-05-24 00:07:12.257000","81","False","False",""
"1","1","Archfiend of Depravity","e01","Near Mint","English","","","2025-03-04 03:01:15.437000","31","False","False","8.49"
"3","3","Archfiend of Sorrows","mh2","Near Mint","English","","","2025-02-16 22:29:20.027000","74","False","False",""
"1","1","Archfiend of the Dross","one","Near Mint","Spanish","","","2025-05-24 13:34:17.540000","82","False","False","1.79"
"2","2","Architects of Will","arb","Near Mint","Spanish","","","2025-02-16 22:29:52.167000","17","False","False","0.35"
"2","2","Archon of Sun's Grace","thb","Near Mint","English","","","2025-05-24 00:25:04.243000","3","False","False",""
"1","1","Arcus Acolyte","mh2","Near Mint","English","","","2025-02-16 22:29:20.027000","185","False","False",""
"1","1","Arcus Acolyte","mh2","Near Mint","English","","","2025-02-16 22:29:20.027000","361","False","False",""
"1","1","Ardent Elementalist","mid","Near Mint","English","","","2025-02-16 22:29:52.167000","128","False","False","0.35"
"1","1","Ardoz, Cobbler of War","j22","Near Mint","English","","","2025-06-08 17:41:23.943000","29","False","False","2.79"
"2","2","Argent Mutation","nph","Near Mint","Spanish","","","2025-02-16 22:29:52.167000","27","False","False","0.35"
"1","1","Argent Mutation","nph","Near Mint","Spanish","foil","","2025-02-16 22:29:52.167000","27","False","False","0.49"
"1","1","Argent Sphinx","mm2","Near Mint","Spanish","","","2025-02-16 22:29:52.167000","41","False","False","0.49"
"1","1","Argent Sphinx","som","Near Mint","English","","","2025-04-20 01:45:12.920000","28","False","False","0.49"
"1","1","Arixmethes, Slumbering Isle","mul","Near Mint","English","","","2025-02-16 22:29:52.167000","32","False","False","1.29"
"1","1","Arjun, the Shifting Flame","2x2","Near Mint","English","","","2025-02-16 22:29:20.027000","172","False","False",""
"2","2","Arm with Aether","nph","Near Mint","Spanish","","","2025-02-16 22:29:52.167000","28","False","False","0.35"
"1","1","Armament Master","zen","Near Mint","Spanish","","","2025-02-16 22:29:52.167000","1","False","False","0.49"
"2","2","Armor of Shadows","clb","Near Mint","English","","","2025-02-16 22:29:20.027000","112","False","False",""
"3","3","Armor of Shadows","clb","Near Mint","Spanish","","","2025-02-16 22:29:20.027000","112","False","False",""
"1","1","Armorcraft Judge","cmm","Near Mint","English","","","2025-02-16 22:29:20.027000","273","False","False",""
"1","1","Armored Ascension","shm","Near Mint","English","","","2025-02-16 22:29:52.167000","2","False","False","0.35"
"3","3","Armored Skaab","isd","Near Mint","English","","","2025-02-16 22:29:52.167000","43","False","False","0.35"
"7","7","Armory Veteran","afr","Near Mint","English","","","2025-02-16 22:29:20.027000","130","False","False",""
"3","3","Arms of Hadar","clb","Near Mint","Spanish","","","2025-02-16 22:29:20.027000","113","False","False",""
"2","2","Arms of Hadar","clb","Near Mint","English","","","2025-02-16 22:29:20.027000","113","False","False",""
"2","2","Army of the Damned","mic","Near Mint","English","","","2025-05-04 19:51:00.213000","106","False","False","1.29"
"2","2","Arrest","som","Near Mint","Spanish","","","2025-02-16 22:29:52.167000","2","False","False","0.35"
"1","1","Arrest","plst","Near Mint","English","","","2025-02-16 22:29:52.167000","MM2-9","False","False","0.35"
"3","3","Arrest","som","Near Mint","English","","","2025-02-16 22:29:52.167000","2","False","False","0.35"
"2","2","Arrester's Admonition","rna","Near Mint","English","","","2025-02-16 22:29:20.027000","31","False","False",""
"1","1","Arrow Storm","plst","Near Mint","English","","","2025-02-16 22:29:52.167000","KTK-98","False","False","0.35"
"1","1","Arrow Volley Trap","zen","Near Mint","Italian","","","2025-02-16 22:29:52.167000","2","False","False","0.35"
"1","1","Arrow Volley Trap","zen","Near Mint","Spanish","","","2025-02-16 22:29:52.167000","2","False","False","0.35"
"1","1","Arrow Volley Trap","zen","Near Mint","English","","","2025-02-16 22:29:52.167000","2","False","False","0.35"
"1","1","Artificer's Assistant","dom","Near Mint","English","","","2025-04-20 01:45:12.920000","44","False","False","0.35"
"1","1","Artificer's Assistant","plst","Near Mint","English","","","2025-02-16 22:29:52.167000","DOM-44","False","False","0.39"
"6","6","Artillerize","nph","Near Mint","Spanish","","","2025-02-16 22:29:52.167000","79","False","False","0.35"
"1","1","Artisan of Kozilek","mm2","Near Mint","English","","","2025-03-04 03:01:15.437000","2","False","False","0.79"
"1","1","Artisan of Kozilek","plst","Near Mint","English","","","2025-02-16 22:29:52.167000","CM2-14","False","False","0.69"
"5","5","Arwen's Gift","ltr","Near Mint","English","","","2025-02-16 22:29:20.027000","39","False","False",""
"1","1","Ascendant Acolyte","nec","Near Mint","Spanish","","","2025-05-24 13:34:17.540000","24","False","False","0.49"
"1","1","Ascendant Packleader","vow","Near Mint","English","","","2025-02-16 22:29:52.167000","186","False","False","0.49"
"1","1","Ascendant Spirit","khm","Near Mint","Spanish","","","2025-04-20 01:45:12.920000","43","False","False","0.49"
"1","1","Ash Barrens","dsc","Near Mint","Spanish","","","2025-04-20 01:45:12.920000","260","False","False","0.35"
"1","1","Ash, Party Crasher","woe","Near Mint","English","","","2025-02-16 22:30:24.253000","201","False","False","0.04"
"1","1","Ashen-Skin Zubera","chk","Near Mint","Spanish","foil","","2025-02-16 22:29:52.167000","101","False","False","1.99"
"1","1","Ashes of the Abhorrent","xln","Near Mint","Spanish","","","2025-03-04 03:01:15.437000","2","False","False","0.99"
"1","1","Ashiok, Nightmare Weaver","ths","Near Mint","English","","","2025-04-20 01:45:12.920000","188","False","False","2.79"
"1","1","Ashnod, Flesh Mechanist","bro","Near Mint","English","foil","","2025-04-24 02:34:44.070000","323","False","False","0.79"
"1","1","Ashnod's Altar","plst","Near Mint","English","","","2025-04-20 01:45:12.920000","EMA-218","False","False","10.99"
"1","1","Ashnod's Altar","brr","Near Mint","Spanish","","","2025-05-24 13:34:17.540000","67","False","False","10.99"
"1","1","Ashroot Animist","fdn","Near Mint","English","","","2025-06-08 17:41:23.943000","117","False","False","0.49"
"2","2","Assault // Battery","dmr","Near Mint","English","","","2025-02-16 22:29:20.027000","210","False","False",""
"1","1","Assault Griffin","m12","Near Mint","Spanish","","","2025-02-16 22:29:52.167000","8","False","False","0.35"
"3","3","Assault on Osgiliath","ltr","Near Mint","Spanish","","","2025-02-16 22:29:52.167000","285","False","False","0.69"
"1","1","Assault Strobe","som","Near Mint","Spanish","","","2025-02-16 22:29:52.167000","82","False","False","0.79"
"1","1","Assault Suit","cmm","Near Mint","English","","","2025-05-24 13:34:17.540000","369","False","False","0.35"
"1","1","Assemble the Legion","onc","Near Mint","English","","","2025-04-20 01:45:12.920000","115","False","False","0.49"
"1","1","Assemble the Legion","pip","Near Mint","English","","","2025-02-26 22:56:15.417000","210","False","False","0.49"
"1","1","Assimilation Aegis","otj","Near Mint","Spanish","","","2025-05-24 13:34:17.540000","192","False","False","1.29"
"3","3","Astral Confrontation","clb","Near Mint","English","","","2025-02-16 22:29:52.167000","6","False","False","0.35"
"3","3","Astral Confrontation","clb","Near Mint","Spanish","","","2025-02-16 22:29:52.167000","6","False","False","0.35"
"1","1","Astral Slide","ons","Near Mint","Spanish","","","2025-02-16 22:29:52.167000","4","False","False","0.79"
"1","1","Astral Steel","scg","Near Mint","Spanish","","","2025-02-16 22:29:52.167000","2","False","False","0.35"
"1","1","Atarka, World Render","afc","Near Mint","English","","","2025-02-16 22:30:08.180000","176","False","False","4.00"
"1","1","Atraxa's Fall","mom","Near Mint","English","foil","","2025-02-16 22:29:52.167000","176","False","False","0.49"
"1","1","Atris, Oracle of Half-Truths","mul","Near Mint","English","foil","","2025-02-16 22:29:52.167000","34","False","False","0.49"
"2","2","Atrocious Experiment","clb","Near Mint","English","","","2025-02-16 22:29:20.027000","115","False","False",""
"3","3","Atrocious Experiment","clb","Near Mint","Spanish","","","2025-02-16 22:29:20.027000","115","False","False",""
"1","1","Attended Socialite","snc","Near Mint","Spanish","","","2025-02-16 22:29:20.027000","133","False","False",""
"1","1","Attune with Aether","kld","Near Mint","Spanish","","","2025-02-16 22:29:52.167000","145","False","False","0.35"
"1","1","Atzocan Seer","rix","Near Mint","Spanish","","","2025-03-04 03:01:15.437000","153","False","False","0.39"
"1","1","Augmenter Pugilist // Echoing Equation","stx","Near Mint","Spanish","","","2025-04-20 01:45:12.920000","147","False","False","0.49"
"1","1","Augur of Autumn","mid","Near Mint","English","","","2025-02-16 22:29:52.167000","168","False","False","2.49"
"1","1","Auntie's Hovel","lrw","Near Mint","Spanish","foil","","2025-04-20 01:45:12.920000","267","False","False","15.99"
"7","7","Auramancer","dmr","Near Mint","English","","","2025-02-16 22:29:20.027000","1","False","False",""
"2","2","Auriok Edgewright","som","Near Mint","English","","","2025-02-16 22:29:52.167000","3","False","False","0.35"
"3","3","Auriok Replica","som","Near Mint","Spanish","","","2025-02-16 22:29:52.167000","138","False","False","0.35"
"1","1","Auriok Salvagers","5dn","Near Mint","Spanish","","","2025-02-16 22:29:52.167000","4","False","False","0.35"
"2","2","Auriok Sunchaser","som","Near Mint","Spanish","","","2025-02-16 22:29:52.167000","4","False","False","0.35"
"1","1","Auriok Survivors","nph","Near Mint","Spanish","","","2025-02-16 22:29:52.167000","3","False","False","0.35"
"1","1","Avacynian Priest","isd","Near Mint","English","","","2025-02-16 22:29:52.167000","4","False","False","0.35"
"6","6","Avarax","dmr","Near Mint","English","","","2025-02-16 22:29:20.027000","112","False","False",""
"2","2","Avarice Amulet","m15","Near Mint","Spanish","","","2025-02-16 22:29:52.167000","212","False","False","0.69"
"2","2","Aven Fateshaper","dmr","Near Mint","English","","","2025-02-16 22:30:08.180000","40","False","False","0.03"
"6","6","Aven Fisher","dmr","Near Mint","English","","","2025-02-16 22:30:08.180000","41","False","False","0.01"
"1","1","Aven Fisher","10e","Near Mint","English","","","2025-02-16 22:29:52.167000","68","False","False","0.35"
"1","1","Aven Initiate","2x2","Near Mint","English","","","2025-02-16 22:29:20.027000","39","False","False",""
"1","1","Aven Interrupter","otj","Near Mint","English","","","2025-06-08 17:41:23.943000","4","False","False","4.99"
"1","1","Aven Windreader","10e","Near Mint","English","","","2025-02-16 22:29:52.167000","69","False","False","0.35"
"1","1","Avenging Hunter","clb","Near Mint","Spanish","foil","","2025-02-16 22:29:20.027000","215","False","False",""
"1","1","Avenging Hunter","clb","Near Mint","Spanish","","","2025-05-06 01:58:24.797000","215","False","False",""
"1","1","Awaken the Bear","ktk","Near Mint","Spanish","","","2025-02-16 22:29:52.167000","129","False","False","0.35"
"1","1","Ayara, First of Locthwain","mul","Near Mint","English","foil","","2025-02-16 22:29:52.167000","143","False","False","11.99"
"1","1","Azorius Charm","rtr","Near Mint","Spanish","","","2025-04-23 02:16:40.900000","145","False","False",""
"2","2","Azorius Knight-Arbiter","rna","Near Mint","English","","","2025-02-16 22:29:20.027000","154","False","False",""
"1","1","Azorius Locket","rna","Near Mint","English","","","2025-02-16 22:29:20.027000","231","False","False",""
"1","1","Azorius Skyguard","rna","Near Mint","English","","","2025-02-16 22:29:20.027000","155","False","False",""
"1","1","Azor's Gateway // Sanctum of the Sun","rix","Near Mint","English","","","2025-03-16 04:06:20.140000","176","False","False","4.49"
"1","1","Azor's Gateway // Sanctum of the Sun","rix","Near Mint","English","","","2025-04-20 01:45:12.920000","176","False","False","3.99"
"1","1","Azra Oddsmaker","bbd","Near Mint","English","","","2025-03-04 03:01:15.437000","75","False","False","1.29"
"1","1","Baba Lysaga, Night Witch","clb","Near Mint","English","foil","","2025-02-16 22:29:20.027000","266","False","False",""
"1","1","Back for More","iko","Near Mint","English","","","2025-02-16 22:29:52.167000","177","False","False","0.35"
"1","1","Backstreet Bruiser","snc","Near Mint","Spanish","","","2025-02-16 22:29:20.027000","35","False","False",""
"1","1","Backup Agent","snc","Near Mint","Spanish","","","2025-02-16 22:29:20.027000","2","False","False",""
"1","1","Bad Moon","plst","Near Mint","English","","","2025-02-16 22:29:52.167000","DDD-48","False","False","2.49"
"1","1","Bag End Porter","ltr","Near Mint","English","","","2025-02-16 22:29:20.027000","153","False","False",""
"4","4","Bag of Holding","afr","Near Mint","English","","","2025-02-16 22:29:20.027000","240","False","False",""
"1","1","Bag of Holding","clb","Near Mint","Spanish","","","2025-02-16 22:29:52.167000","299","False","False","0.35"
"1","1","Bag of Holding","clb","Near Mint","English","","","2025-02-16 22:29:52.167000","299","False","False","0.35"
"1","1","Baird, Argivian Recruiter","dmu","Near Mint","Spanish","","","2025-02-26 22:56:15.417000","195","False","False","0.35"
"1","1","Baithook Angler // Hook-Haunt Drifter","mid","Near Mint","English","","","2025-02-16 22:29:52.167000","42","False","False","0.35"
"3","3","Bala Ged Recovery // Bala Ged Sanctuary","znr","Near Mint","English","","","2025-02-16 22:29:52.167000","180","False","False","6.99"
"1","1","Baldur's Gate","clb","Near Mint","English","","","2025-02-16 22:29:52.167000","345","False","False","2.79"
"1","1","Baldur's Gate","clb","Near Mint","Spanish","","","2025-02-16 22:29:52.167000","345","False","False","2.79"
"1","1","Balduvian Horde","plst","Near Mint","English","","","2025-02-16 22:29:52.167000","A25-120","False","False","0.35"
"4","4","Baleful Beholder","afr","Near Mint","English","","","2025-02-16 22:29:52.167000","311","False","False","0.35"
"4","4","Baleful Beholder","afr","Near Mint","English","","","2025-02-16 22:29:52.167000","89","False","False","0.35"
"1","1","Baleful Mastery","pstx","Near Mint","English","","","2025-06-08 19:09:06.127000","64p","False","False",""
"1","1","Ballista Watcher // Ballista Wielder","vow","Near Mint","English","foil","","2025-02-16 22:29:52.167000","143","False","False","0.49"
"1","1","Ballynock Cohort","plst","Near Mint","English","","","2025-02-16 22:29:52.167000","EMA-3","False","False","0.35"
"5","5","Baloth Cage Trap","zen","Near Mint","Spanish","","","2025-02-16 22:29:52.167000","156","False","False","0.35"
"1","1","Balshan Beguiler","ody","Near Mint","Spanish","","","2025-02-16 22:29:52.167000","66","False","False","0.35"
"1","1","Balustrade Spy","plst","Near Mint","English","","","2025-02-16 22:29:52.167000","IMA-80","False","False","0.35"
"3","3","Band Together","clb","Near Mint","English","","","2025-02-16 22:29:52.167000","216","False","False","0.35"
"3","3","Band Together","clb","Near Mint","Spanish","","","2025-02-16 22:29:52.167000","216","False","False","0.35"
"1","1","Bane, Lord of Darkness","clb","Near Mint","Spanish","etched","","2025-02-16 22:29:20.027000","526","False","False",""
"1","1","Bane, Lord of Darkness","clb","Near Mint","Spanish","","","2025-02-16 22:29:20.027000","267","False","False",""
"1","1","Bane's Contingency","clb","Near Mint","Spanish","","","2025-02-16 22:29:20.027000","57","False","False",""
"1","1","Bane's Contingency","clb","Near Mint","English","","","2025-02-16 22:29:20.027000","57","False","False",""
"3","3","Bane's Invoker","clb","Near Mint","Spanish","","","2025-02-16 22:29:52.167000","7","False","False","0.35"
"2","2","Bane's Invoker","clb","Near Mint","English","","","2025-02-16 22:29:52.167000","7","False","False","0.35"
"1","1","Banish from Edoras","ltr","Near Mint","English","","","2025-02-16 22:29:52.167000","1","False","False","0.35"
"4","4","Banishing Light","thb","Near Mint","English","","","2025-02-16 22:29:20.027000","4","False","False",""
"1","1","Banishing Light","khc","Near Mint","English","","","2025-03-04 03:01:15.437000","19","False","False","0.35"
"1","1","Banishment","clb","Near Mint","Spanish","","","2025-02-16 22:29:52.167000","8","False","False","0.35"
"1","1","Banner of Kinship","fdn","Near Mint","English","","","2025-06-08 17:41:23.943000","127","False","False","9.49"
"4","4","Bannerhide Krushok","mh2","Near Mint","English","","","2025-02-16 22:29:52.167000","149","False","False","0.35"
"4","4","Bannerhide Krushok","mh2","Near Mint","English","","","2025-02-16 22:29:20.027000","149","False","False",""
"7","7","Bar the Gate","afr","Near Mint","English","","","2025-02-16 22:29:20.027000","47","False","False",""
"1","1","Baral and Kari Zev","mom","Near Mint","English","","","2025-02-16 22:29:52.167000","302","False","False","0.49"
"1","1","Baral, Chief of Compliance","mul","Near Mint","English","","","2025-03-20 14:50:53.887000","8","False","False","3.49"
"1","1","Baral, Chief of Compliance","aer","Near Mint","English","","","2025-02-16 22:29:52.167000","28","False","False","3.49"
"3","3","Baral's Expertise","aer","Near Mint","Spanish","","","2025-02-16 22:29:52.167000","29","False","False","0.49"
"4","4","Barbarian Class","afr","Near Mint","English","","","2025-02-16 22:29:20.027000","131","False","False",""
"1","1","Barbarian Ring","plst","Near Mint","English","","","2025-06-08 17:41:23.943000","ODY-313","False","False","1.29"
"1","1","Barbed Battlegear","som","Near Mint","Spanish","","","2025-02-16 22:29:52.167000","139","False","False","0.35"
"1","1","Barbed Sliver","tmp","Near Mint","English","","","2025-02-16 22:29:52.167000","163","False","False","0.35"
"3","3","Barbed Spike","mh2","Near Mint","English","","","2025-02-16 22:29:20.027000","5","False","False",""
"1","1","Barbflare Gremlin","dsc","Near Mint","Spanish","","","2025-04-20 01:45:12.920000","26","False","False","0.49"
"2","2","Bard Class","afr","Near Mint","English","","","2025-02-16 22:29:52.167000","217","False","False","1.29"
"1","1","Bard Class","afr","Near Mint","English","","","2025-04-20 01:45:12.920000","217","False","False","1.79"
"2","2","Barkchannel Pathway // Tidechannel Pathway","khm","Near Mint","English","","","2025-02-16 22:29:52.167000","251","False","False","5.49"
"2","2","Barkhide Mauler","ons","Good (Lightly Played)","Spanish","","","2025-02-16 22:29:52.167000","246","False","False","0.35"
"1","1","Barrage Ogre","som","Near Mint","Spanish","","","2025-02-16 22:29:52.167000","83","False","False","0.35"
"1","1","Barrage Tyrant","bfz","Near Mint","Spanish","","","2025-04-20 01:45:12.920000","127","False","False","0.49"
"1","1","Barroom Brawl","clb","Near Mint","Spanish","","","2025-02-16 22:29:20.027000","217","False","False",""
"3","3","Barrowin of Clan Undurr","afr","Near Mint","English","","","2025-02-16 22:29:52.167000","218","False","False","0.35"
"1","1","Barter in Blood","mrd","Good (Lightly Played)","Spanish","","","2025-02-16 22:29:52.167000","57","False","False","0.35"
"1","1","Bartizan Bats","plst","Near Mint","English","","","2025-02-16 22:29:52.167000","GRN-62","False","False","0.35"
"1","1","Basal Sliver","tsp","Near Mint","Spanish","","","2025-02-16 22:29:52.167000","96","False","False","0.79"
"1","1","Basic Conjuration","stx","Near Mint","English","foil","","2025-06-08 17:41:23.943000","120","False","False","0.49"
"3","3","Basilica Bell-Haunt","rna","Near Mint","English","","","2025-02-16 22:29:20.027000","156","False","False",""
"1","1","Basilica Skullbomb","one","Near Mint","English","","","2025-03-04 03:01:15.437000","224","False","False","0.35"
"1","1","Basilisk Collar","clb","Near Mint","English","foil","","2025-03-21 22:46:03.253000","595","False","False","6.99"
"1","1","Basilisk Gate","clb","Near Mint","Spanish","","","2025-05-16 15:15:39.363000","346","False","False","0.35"
"1","1","Basri Ket","m21","Near Mint","Spanish","","","2025-03-04 03:01:15.437000","286","False","False","1.99"
"1","1","Basri, Tomorrow's Champion","dft","Near Mint","English","","","2025-06-08 17:41:23.943000","3","False","False","0.49"
"1","1","Bastion Mastodon","kld","Near Mint","Spanish","","","2025-02-16 22:29:52.167000","197","False","False","0.35"
"1","1","Bastion of Remembrance","cmm","Near Mint","English","foil","","2025-02-16 22:29:20.027000","138","False","False",""
"1","1","Bastion of Remembrance","cmm","Near Mint","English","","","2025-05-11 20:52:26.510000","138","False","False","1.29"
"1","1","Baton of Courage","5dn","Near Mint","Spanish","","","2025-02-16 22:29:52.167000","105","False","False","0.35"
"1","1","Batterbone","mh2","Near Mint","English","foil","","2025-02-16 22:29:52.167000","221","False","False","0.49"
"4","4","Batterbone","mh2","Near Mint","English","","","2025-02-16 22:29:52.167000","221","False","False","0.35"
"1","1","Battering Sliver","plc","Near Mint","Spanish","","","2025-02-16 22:30:08.180000","95","False","False","0.15"
"1","1","Battle Hurda","wwk","Near Mint","Italian","","","2025-02-16 22:29:52.167000","4","False","False","0.35"
"1","1","Battle of Frost and Fire","khm","Near Mint","Spanish","","","2025-03-16 04:06:20.140000","204","False","False","0.49"
"6","6","Battle Plan","mh2","Near Mint","English","","","2025-02-16 22:29:20.027000","114","False","False",""
"2","2","Battle Screech","dmr","Near Mint","English","","","2025-02-16 22:29:20.027000","2","False","False",""
"1","1","Battle Sliver","m14","Near Mint","Spanish","","","2025-02-16 22:29:52.167000","128","False","False","0.35"
"1","1","Battle Sliver","m14","Near Mint","English","","","2025-02-16 22:29:52.167000","128","False","False","0.35"
"1","1","Battlefield Forge","bro","Near Mint","English","foil","","2025-06-08 17:41:23.943000","257","False","False","1.99"
"1","1","Battlefield Forge","ori","Near Mint","English","","","2025-04-20 01:45:12.920000","244","False","False","1.79"
"6","6","Battlefield Scrounger","dmr","Near Mint","English","","","2025-02-16 22:29:20.027000","150","False","False",""
"1","1","Battle-Scarred Goblin","ltr","Near Mint","Spanish","","","2025-02-16 22:29:52.167000","115","False","False","0.35"
"1","1","Beamtown Beatstick","mom","Near Mint","English","foil","","2025-02-16 22:29:52.167000","131","False","False","0.79"
"1","1","Bear's Companion","2x2","Near Mint","English","","","2025-02-16 22:29:20.027000","182","False","False",""
"1","1","Bear's Companion","plst","Near Mint","English","","","2025-02-16 22:29:52.167000","KTK-167","False","False","0.35"
"1","1","Beastcaller Savant","bfz","Near Mint","Spanish","","","2025-04-20 01:45:12.920000","170","False","False","1.29"
"1","1","Beckoning Will-o'-Wisp","clb","Near Mint","Spanish","","","2025-02-16 22:29:52.167000","10","False","False","0.35"
"1","1","Beckoning Will-o'-Wisp","clb","Near Mint","English","","","2025-02-16 22:29:52.167000","10","False","False","0.35"
"1","1","Bedevil","dsc","Near Mint","Spanish","","","2025-04-20 01:45:12.920000","84","False","False","1.79"
"1","1","Bedevil","rna","Near Mint","English","","","2025-03-04 03:01:15.437000","157","False","False","1.49"
"1","1","Beetleback Chief","tdc","Near Mint","Spanish","","","2025-04-24 02:34:44.070000","205","False","False","0.35"
"1","1","Beetleback Chief","ema","Near Mint","English","","","2025-04-24 02:34:44.070000","119","False","False","0.59"
"1","1","Befoul","7ed","Good (Lightly Played)","Spanish","","","2025-02-16 22:29:52.167000","118","False","False","0.35"
"1","1","Befoul","usg","Good (Lightly Played)","Spanish","","","2025-02-16 22:29:52.167000","116","False","False","0.35"
"1","1","Befuddle","m20","Near Mint","English","","","2025-02-16 22:29:52.167000","47","False","False","0.35"
"4","4","Behold the Multiverse","khm","Near Mint","English","","","2025-02-16 22:29:52.167000","46","False","False","0.35"
"1","1","Belbe's Portal","plst","Near Mint","English","","","2025-02-16 22:29:52.167000","NEM-127","False","False","0.99"
"1","1","Belligerent Guest","vow","Near Mint","English","foil","","2025-02-16 22:29:52.167000","144","False","False","0.49"
"1","1","Belligerent Guest","vow","Near Mint","English","","","2025-04-24 02:34:44.070000","301","False","False","0.35"
"1","1","Bellowing Tanglewurm","som","Near Mint","English","","","2025-03-01 22:16:32.137000","111","False","False","1.99"
"1","1","Bellowing Tanglewurm","som","Near Mint","Spanish","","","2025-02-16 22:29:52.167000","111","False","False","1.99"
"1","1","Bellowing Tanglewurm","plst","Near Mint","English","","","2025-03-21 22:46:03.253000","SOM-111","False","False","1.79"
"1","1","Beneath the Sands","plst","Near Mint","English","","","2025-02-16 22:29:52.167000","HOU-111","False","False","0.35"
"1","1","Berserker's Frenzy","afc","Near Mint","English","","","2025-05-24 13:34:17.540000","29","False","False","2.49"
"1","1","Berserkers' Onslaught","dtk","Near Mint","Spanish","","","2025-04-20 01:45:12.920000","130","False","False","1.29"
"1","1","Berserkers' Onslaught","dtk","Near Mint","Spanish","","","2025-03-04 03:01:15.437000","130","False","False","1.79"
"1","1","Bewilder","plst","Near Mint","English","","","2025-02-16 22:29:52.167000","IMA-43","False","False","0.35"
"1","1","Bewitching Leechcraft","ltr","Near Mint","English","","","2025-02-16 22:29:20.027000","41","False","False",""
"1","1","Bhaal, Lord of Murder","clb","Near Mint","English","","","2025-02-16 22:29:20.027000","268","False","False",""
"1","1","Bhaal, Lord of Murder","clb","Near Mint","English","","","2025-04-20 01:45:12.920000","268","False","False","0.49"
"2","2","Bhaal's Invoker","clb","Near Mint","English","","","2025-02-16 22:29:20.027000","163","False","False",""
"3","3","Bhaal's Invoker","clb","Near Mint","Spanish","","","2025-02-16 22:29:20.027000","163","False","False",""
"1","1","Bident of Thassa","c15","Near Mint","English","","","2025-02-26 22:56:15.417000","86","False","False","0.99"
"1","1","Big Score","otc","Near Mint","English","","","2025-03-21 22:46:03.253000","155","False","False","2.29"
"4","4","Bill the Pony","ltr","Near Mint","English","","","2025-02-16 22:29:52.167000","3","False","False","0.35"
"1","1","Binding Geist // Spectral Binding","vow","Near Mint","English","","","2025-02-16 22:29:52.167000","48","False","False","0.35"
"1","1","Binding Mummy","drc","Near Mint","English","","","2025-04-24 02:34:44.070000","63","False","False","0.35"
"2","2","Bird Admirer // Wing Shredder","mid","Near Mint","English","","","2025-02-16 22:29:52.167000","298","False","False","0.35"
"2","2","Birthday Escape","ltr","Near Mint","English","","","2025-02-16 22:29:20.027000","43","False","False",""
"2","2","Bitter Downfall","ltr","Near Mint","English","","","2025-02-16 22:29:20.027000","77","False","False",""
"1","1","Bitter Triumph","lci","Near Mint","English","","","2025-03-21 22:46:03.253000","91","False","False","3.49"
"1","1","Bitterblade Warrior","plst","Near Mint","English","","","2025-02-16 22:29:52.167000","AKH-157","False","False","0.35"
"1","1","Black Cat","plst","Near Mint","English","","","2025-02-16 22:29:52.167000","M15-86","False","False","0.35"
"1","1","Black Dragon","afr","Near Mint","English","foil","","2025-02-16 22:29:52.167000","90","False","False","0.49"
"2","2","Black Dragon","afr","Near Mint","English","","","2025-02-16 22:29:52.167000","90","False","False","0.35"
"2","2","Black Dragon Gate","clb","Near Mint","Spanish","","","2025-02-16 22:30:08.180000","347","False","False","0.22"
"1","1","Black Dragon Gate","clb","Near Mint","Spanish","","","2025-02-16 22:29:20.027000","347","False","False",""
"1","1","Black Dragon Gate","clb","Near Mint","English","","","2025-05-24 00:10:40.410000","347","False","False",""
"1","1","Black Knight","plst","Near Mint","English","","","2025-02-16 22:29:52.167000","M10-85","False","False","0.39"
"1","1","Black Mage's Rod","fin","Near Mint","English","","","2025-06-28 17:20:53.137000","90","False","False","0.35"
"1","1","Blackblade Reforged","nec","Near Mint","Spanish","","","2025-05-24 13:34:17.540000","146","False","False","2.29"
"1","1","Blackblade Reforged","nec","Near Mint","English","","","2025-03-04 03:01:15.437000","146","False","False","2.29"
"2","2","Blackbloom Rogue // Blackbloom Bog","znr","Near Mint","English","","","2025-02-16 22:29:52.167000","91","False","False","0.35"
"3","3","Blackcleave Goblin","som","Near Mint","Spanish","","","2025-02-16 22:29:52.167000","54","False","False","0.35"
"6","6","Blacksmith's Skill","mh2","Near Mint","English","","","2025-05-03 16:15:53.063000","6","False","False",""
"1","1","Blacksmith's Skill","mh2","Near Mint","English","foil","","2025-02-16 22:29:20.027000","381","False","False",""
"3","3","Blacksmith's Skill","mh2","Near Mint","English","","","2025-05-10 03:42:17.077000","381","False","False",""
"1","1","Blade of Shared Souls","one","Near Mint","Spanish","","","2025-04-20 01:45:12.920000","42","False","False","0.49"
"1","1","Blade of the Bloodchief","c17","Near Mint","English","","","2025-05-24 13:34:17.540000","204","False","False","6.49"
"1","1","Bladeback Sliver","mh1","Near Mint","Spanish","","","2025-02-16 22:29:52.167000","119","False","False","0.35"
"1","1","Bladebrand","plst","Near Mint","English","","","2025-02-16 22:29:52.167000","M20-86","False","False","0.35"
"1","1","Bladebrand","mid","Near Mint","English","","","2025-02-16 22:29:52.167000","87","False","False","0.35"
"1","1","Bladed Battle-Fan","mom","Near Mint","English","foil","","2025-02-16 22:29:52.167000","91","False","False","0.49"
"1","1","Bladed Pinions","som","Near Mint","Spanish","","","2025-02-16 22:29:52.167000","140","False","False","0.35"
"1","1","Bladed Pinions","som","Near Mint","English","","","2025-02-16 22:29:52.167000","140","False","False","0.35"
"1","1","Bladestitched Skaab","mid","Near Mint","English","","","2025-02-16 22:29:52.167000","212","False","False","0.35"
"1","1","Blade-Tribe Berserkers","som","Near Mint","Spanish","","","2025-02-16 22:29:52.167000","84","False","False","0.35"
"1","1","Bladetusk Boar","zen","Near Mint","Spanish","","","2025-02-16 22:29:52.167000","118","False","False","0.35"
"1","1","Bladetusk Boar","zen","Near Mint","English","","","2025-02-16 22:29:52.167000","118","False","False","0.35"
"1","1","Bladewing the Risen","plst","Near Mint","English","","","2025-02-16 22:29:52.167000","IMA-193","False","False","1.79"
"1","1","Blasphemous Act","c21","Near Mint","English","","","2025-03-04 03:01:15.437000","159","False","False","3.99"
"1","1","Blasphemous Act","cmr","Near Mint","English","","","2025-03-04 03:01:15.437000","162","False","False","3.99"
"1","1","Blasphemous Act","isd","Near Mint","English","","","2025-03-04 03:01:15.437000","130","False","False","5.99"
"1","1","Blast Zone","bro","Near Mint","English","foil","","2025-06-08 17:41:23.943000","258","False","False","0.49"
"1","1","Blasted Landscape","plst","Near Mint","English","","","2025-02-16 22:29:52.167000","CM2-238","False","False","1.79"
"1","1","Blatant Thievery","c15","Near Mint","Spanish","","","2025-02-16 22:29:20.027000","87","False","False",""
"1","1","Blazing Bomb","fin","Near Mint","English","","","2025-06-28 17:20:53.137000","130","False","False","0.35"
"1","1","Blazing Rootwalla","mh2","Near Mint","English","","","2025-02-16 22:29:20.027000","404","False","False",""
"5","5","Blazing Rootwalla","mh2","Near Mint","English","","","2025-02-16 22:29:20.027000","115","False","False",""
"1","1","Blazing Sunsteel","cmr","Near Mint","English","","","2025-05-24 13:34:17.540000","364","False","False","3.49"
"1","1","Blazing Torch","zen","Near Mint","Spanish","","","2025-02-16 22:29:52.167000","197","False","False","0.35"
"1","1","Blazing Torch","isd","Near Mint","English","","","2025-02-16 22:29:52.167000","216","False","False","0.35"
"1","1","Blazing Volley","plst","Near Mint","English","","","2025-02-16 22:29:52.167000","AKH-119","False","False","0.35"
"2","2","Bleak Coven Vampires","som","Near Mint","Spanish","","","2025-02-16 22:29:52.167000","55","False","False","0.35"
"4","4","Blessed Hippogriff // Tyr's Blessing","clb","Near Mint","Spanish","","","2025-02-16 22:29:52.167000","11","False","False","0.35"
"2","2","Blessed Hippogriff // Tyr's Blessing","clb","Near Mint","English","","","2025-02-16 22:29:52.167000","11","False","False","0.35"
"4","4","Blessed Respite","mh2","Near Mint","English","","","2025-02-16 22:29:20.027000","150","False","False",""
"1","1","Blessing of Belzenlok","plst","Near Mint","English","","","2025-02-16 22:29:52.167000","DOM-77","False","False","0.35"
"1","1","Blight Herder","bfz","Near Mint","Spanish","","","2025-04-20 01:45:12.920000","2","False","False","0.49"
"3","3","Blight Mamba","som","Near Mint","Spanish","","","2025-02-16 22:29:52.167000","112","False","False","0.39"
"1","1","Blighted Bat","plst","Near Mint","English","","","2025-02-16 22:29:52.167000","AKH-80","False","False","0.35"
"1","1","Blighted Burgeoning","mom","Near Mint","English","foil","","2025-02-16 22:29:52.167000","177","False","False","0.49"
"1","1","Blighted Cataract","bfz","Near Mint","English","","","2025-02-16 22:29:20.027000","229","False","False",""
"4","4","Blind Zealot","nph","Near Mint","Spanish","","","2025-02-16 22:29:52.167000","52","False","False","0.35"
"1","1","Blindblast","plst","Near Mint","English","","","2025-02-16 22:29:52.167000","WAR-114","False","False","0.35"
"3","3","Blinding Drone","ogw","Near Mint","English","","","2025-02-16 22:29:20.027000","41","False","False",""
"1","1","Blinding Souleater","plst","Near Mint","English","","","2025-02-16 22:29:52.167000","MM2-202","False","False","0.35"
"6","6","Blinding Souleater","nph","Near Mint","Spanish","","","2025-02-16 22:29:52.167000","131","False","False","0.35"
"1","1","Blink Dog","afr","Near Mint","English","foil","","2025-02-16 22:29:52.167000","300","False","False","0.49"
"2","2","Blink Dog","afr","Near Mint","English","","","2025-02-16 22:29:52.167000","300","False","False","0.35"
"2","2","Blistergrub","som","Near Mint","Spanish","","","2025-02-16 22:29:52.167000","56","False","False","0.35"
"1","1","Blistergrub","plst","Near Mint","English","","","2025-02-16 22:29:52.167000","DDR-40","False","False","0.35"
"1","1","Blistergrub","som","Near Mint","English","","","2025-02-16 22:29:52.167000","56","False","False","0.35"
"1","1","Blitzball Shot","fin","Near Mint","English","","","2025-06-28 17:20:53.137000","176","False","False","0.35"
"1","1","Blitzwing, Cruel Tormentor // Blitzwing, Adaptive Assailant","bot","Near Mint","English","","","2025-03-04 03:01:15.437000","4","False","False","1.29"
"1","1","Bloated Processor","mom","Near Mint","English","foil","","2025-02-16 22:29:52.167000","357","False","False","0.49"
"1","1","Blockade Runner","mmq","Near Mint","Spanish","","","2025-02-16 22:30:08.180000","60","False","False","0.08"
"1","1","Blood Cultist","ala","Near Mint","English","","","2025-03-04 03:01:15.437000","157","False","False","0.35"
"1","1","Blood Curdle","iko","Near Mint","English","","","2025-02-16 22:29:52.167000","75","False","False","0.35"
"1","1","Blood Frenzy","tmp","Good (Lightly Played)","English","","","2025-02-16 22:29:52.167000","164","False","False","0.35"
"1","1","Blood Hypnotist","vow","Near Mint","English","","","2025-04-24 02:34:44.070000","302","False","False","0.35"
"1","1","Blood Lust","5ed","Good (Lightly Played)","Spanish","","","2025-02-16 22:29:52.167000","212","False","False","0.35"
"1","1","Blood Ogre","plst","Near Mint","English","","","2025-02-16 22:29:52.167000","E01-41","False","False","0.35"
"2","2","Blood Pact","mid","Near Mint","English","","","2025-05-11 20:52:26.510000","88","False","False","0.35"
"1","1","Blood Petal Celebrant","vow","Near Mint","English","","","2025-02-16 22:29:52.167000","303","False","False","0.35"
"1","1","Blood Tribute","c17","Near Mint","English","","","2025-05-24 13:34:17.540000","100","False","False","5.49"
"1","1","Blood Tyrant","con","Near Mint","Spanish","","","2025-02-16 22:29:52.167000","99","False","False","0.69"
"1","1","Bloodboil Sorcerer","clb","Near Mint","English","","","2025-02-16 22:29:20.027000","164","False","False",""
"1","1","Bloodbraid Elf","plst","Near Mint","Spanish","","","2025-02-16 22:29:52.167000","PCA-84","False","False","0.35"
"3","3","Bloodchief's Thirst","znr","Near Mint","English","","","2025-02-16 22:29:52.167000","94","False","False","0.35"
"2","2","Bloodcrazed Neonate","isd","Near Mint","English","","","2025-02-16 22:29:52.167000","131","False","False","0.35"
"3","3","Bloodcrazed Socialite","vow","Near Mint","English","","","2025-04-24 02:34:44.070000","288","False","False","0.35"
"1","1","Bloodfeather Phoenix","mom","Near Mint","English","","","2025-02-16 22:29:52.167000","362","False","False","0.49"
"2","2","Bloodfire Dwarf","apc","Near Mint","Spanish","","","2025-02-16 22:29:52.167000","56","False","False","0.35"
"1","1","Bloodfire Expert","ktk","Near Mint","Spanish","","","2025-02-16 22:29:52.167000","101","False","False","0.35"
"1","1","Bloodfire Infusion","apc","Near Mint","Spanish","","","2025-02-16 22:29:52.167000","57","False","False","0.35"
"1","1","Bloodgift Demon","isd","Near Mint","English","","","2025-02-16 22:29:52.167000","89","False","False","1.99"
"1","1","Bloodhusk Ritualist","wwk","Near Mint","Italian","","","2025-02-16 22:29:52.167000","50","False","False","0.35"
"1","1","Bloodmad Vampire","plst","Near Mint","English","","","2025-02-16 22:29:52.167000","SOI-146","False","False","0.35"
"1","1","Bloodmark Mentor","ddg","Near Mint","English","","","2025-04-12 19:48:17.867000","50","False","False",""
"2","2","Bloodrage Brawler","akh","Near Mint","Spanish","","","2025-02-16 22:29:52.167000","121","False","False","0.35"
"1","1","Bloodsoaked Champion","ktk","Near Mint","Spanish","","","2025-03-04 03:01:15.437000","66","False","False","0.59"
"1","1","Bloodstone Goblin","plst","Near Mint","English","","","2025-02-16 22:29:52.167000","DOM-115","False","False","0.35"
"1","1","Bloodtithe Harvester","vow","Near Mint","English","","","2025-02-16 22:29:52.167000","310","False","False","0.35"
"1","1","Bloodtracker","j22","Near Mint","Spanish","","","2025-06-08 17:41:23.943000","382","False","False","0.49"
"1","1","Bloodtracker","c21","Near Mint","English","","","2025-05-24 13:34:17.540000","137","False","False","0.49"
"1","1","Bloodvial Purveyor","vow","Near Mint","English","","","2025-02-16 22:29:52.167000","290","False","False","0.49"
"1","1","Blooming Marsh","otj","Near Mint","English","","","2025-06-08 17:41:23.943000","300","False","False","4.49"
"5","5","Blossoming Calm","mh2","Near Mint","English","","","2025-02-16 22:29:20.027000","7","False","False",""
"1","1","Blossoming Defense","kld","Near Mint","Spanish","","","2025-02-16 22:29:52.167000","146","False","False","1.29"
"1","1","Blossoming Sands","mom","Near Mint","English","foil","","2025-02-16 22:29:52.167000","268","False","False","0.49"
"1","1","Blossoming Sands","plst","Near Mint","English","","","2025-02-16 22:29:52.167000","C18-237","False","False","0.35"
"2","2","Bludgeon Brawl","nph","Near Mint","Spanish","","","2025-02-16 22:29:52.167000","80","False","False","0.69"
"1","1","Blue Dragon","afr","Near Mint","English","","","2025-02-16 22:29:20.027000","289","False","False",""
"4","4","Blue Dragon","afr","Near Mint","English","","","2025-02-16 22:29:20.027000","49","False","False",""
"1","1","Blue Mage's Cane","fic","Near Mint","English","","","2025-06-28 17:20:53.137000","112","False","False","1.29"
"1","1","Blunt the Assault","som","Near Mint","English","","","2025-02-16 22:29:52.167000","113","False","False","0.35"
"2","2","Blunt the Assault","som","Near Mint","Spanish","","","2025-02-16 22:29:52.167000","113","False","False","0.35"
"2","2","Blur","clb","Near Mint","English","","","2025-02-16 22:29:20.027000","58","False","False",""
"3","3","Blur","clb","Near Mint","Spanish","","","2025-02-16 22:29:20.027000","58","False","False",""
"1","1","Blur Sliver","m14","Near Mint","English","","","2025-02-16 22:29:52.167000","129","False","False","0.35"
"2","2","Body Dropper","snc","Near Mint","Spanish","","","2025-02-16 22:29:20.027000","168","False","False",""
"2","2","Body Snatcher","dmr","Near Mint","English","","","2025-02-16 22:29:52.167000","75","False","False","0.49"
"1","1","Bog Tatters","zen","Near Mint","Spanish","","","2025-02-16 22:29:52.167000","84","False","False","0.35"
"1","1","Bogardan Hellkite","afc","Near Mint","English","","","2025-02-16 22:29:52.167000","115","False","False","0.99"
"1","1","Boiling Earth","plst","Near Mint","English","","","2025-02-16 22:29:52.167000","BFZ-142","False","False","0.39"
"1","1","Bojuka Bog","wwk","Near Mint","English","","","2025-02-16 22:29:52.167000","132","False","False","2.99"
"1","1","Bomat Bazaar Barge","plst","Near Mint","English","","","2025-02-16 22:29:52.167000","KLD-198","False","False","0.35"
"4","4","Bomat Courier","kld","Near Mint","English","","","2025-02-16 22:29:52.167000","199","False","False","0.49"
"2","2","Bombadil's Song","ltr","Near Mint","English","","","2025-02-16 22:29:20.027000","154","False","False",""
"1","1","Bombard","plst","Near Mint","English","","","2025-02-16 22:29:52.167000","GNT-37","False","False","0.35"
"1","1","Bond of Discipline","war","Near Mint","English","","","2025-02-16 22:29:20.027000","6","False","False",""
"2","2","Bond of Revival","war","Near Mint","English","","","2025-02-16 22:29:20.027000","80","False","False",""
"2","2","Bond of Revival","war","Near Mint","Spanish","","","2025-02-16 22:29:20.027000","80","False","False",""
"1","1","Bonded Herdbeast // Plated Kilnbeast","mom","Near Mint","English","foil","","2025-02-16 22:29:52.167000","178","False","False","0.49"
"1","1","Bonds of Faith","isd","Near Mint","English","","","2025-02-16 22:29:52.167000","5","False","False","0.35"
"1","1","Bonds of Quicksilver","som","Near Mint","English","","","2025-02-16 22:29:52.167000","29","False","False","0.35"
"1","1","Bonds of Quicksilver","som","Near Mint","Spanish","","","2025-02-16 22:29:52.167000","29","False","False","0.35"
"1","1","Bone Harvest","mir","Near Mint","Spanish","","","2025-03-23 19:04:57.050000","108","False","False","0.35"
"2","2","Bone Picker","akh","Near Mint","Spanish","","","2025-02-16 22:29:52.167000","81","False","False","0.35"
"1","1","Bone Saw","ogw","Near Mint","English","","","2025-02-16 22:29:20.027000","161","False","False",""
"2","2","Bone Shards","mh2","Near Mint","English","","","2025-02-16 22:29:20.027000","395","False","False",""
"4","4","Bone Shards","mh2","Near Mint","English","","","2025-02-16 22:29:52.167000","76","False","False","0.35"
"4","4","Bone Shredder","mh2","Near Mint","English","","","2025-02-16 22:29:20.027000","272","False","False",""
"2","2","Bone Shredder","mh2","Near Mint","English","foil","","2025-02-16 22:29:20.027000","272","False","False",""
"1","1","Bone Splinters","plst","Near Mint","English","","","2025-02-16 22:29:52.167000","M20-92","False","False","0.35"
"1","1","Bone Splinters","bfz","Near Mint","Spanish","","","2025-02-16 22:29:52.167000","105","False","False","0.35"
"2","2","Bonecaller Cleric","clb","Near Mint","English","","","2025-02-16 22:29:20.027000","117","False","False",""
"1","1","Bonescythe Sliver","m14","Near Mint","English","","","2025-02-16 22:29:52.167000","9","False","False","2.29"
"1","1","Bonesplitter","mrd","Near Mint","Spanish","","","2025-02-16 22:29:52.167000","146","False","False","0.39"
"2","2","Bonesplitter Sliver","tsp","Near Mint","Spanish","","","2025-02-16 22:29:52.167000","149","False","False","0.35"
"1","1","Boompile","plst","Near Mint","English","","","2025-02-16 22:29:52.167000","C16-52","False","False","0.69"
"1","1","Boon-Bringer Valkyrie","mom","Near Mint","Spanish","foil","","2025-06-08 17:41:23.943000","9","False","False","0.49"
"3","3","Boot Nipper","iko","Near Mint","English","","","2025-02-16 22:29:52.167000","76","False","False","0.35"
"1","1","Bootleggers' Stash","snc","Near Mint","English","","","2025-06-08 17:41:23.943000","134","False","False","0.99"
"1","1","Bootleggers' Stash","psnc","Near Mint","English","foil","","2025-06-08 17:41:23.943000","134s","False","False","5.99"
"7","7","Boots of Speed","afr","Near Mint","English","","","2025-02-16 22:29:20.027000","133","False","False",""
"1","1","Borborygmos and Fblthp","mom","Near Mint","Spanish","foil","","2025-03-16 04:06:20.140000","219","False","False","0.99"
"1","1","Borderland Ranger","plst","Near Mint","English","","","2025-02-16 22:29:52.167000","E02-31","False","False","0.35"
"1","1","Boreal Elemental","m20","Near Mint","English","","","2025-02-16 22:29:52.167000","49","False","False","0.35"
"1","1","Boromir, Warden of the Tower","ltr","Near Mint","English","","","2025-03-20 14:54:09.780000","4","False","False","3.99"
"1","1","Boros Challenger","plst","Near Mint","English","","","2025-02-16 22:29:52.167000","GRN-156","False","False","0.35"
"1","1","Boros Signet","c20","Near Mint","Spanish","","","2025-03-04 03:01:15.437000","239","False","False","1.49"
"1","1","Borrowing 100,000 Arrows","plst","Near Mint","English","","","2025-02-16 22:29:52.167000","A25-45","False","False","0.59"
"1","1","Boseiju, Who Endures","neo","Near Mint","English","foil","","2025-06-08 17:41:23.943000","266","False","False","54.99"
"1","1","Botanical Sanctum","otj","Near Mint","Spanish","","","2025-03-16 04:07:40.690000","267","False","False","3.99"
"4","4","Botanical Sanctum","kld","Near Mint","English","","","2025-02-16 22:29:52.167000","244","False","False","4.99"
"1","1","Bottle Gnomes","plst","Near Mint","English","","","2025-02-16 22:29:52.167000","CM2-177","False","False","0.35"
"1","1","Bottle Golems","mh2","Near Mint","English","foil","","2025-02-16 22:29:52.167000","222","False","False","0.49"
"3","3","Bottle Golems","mh2","Near Mint","English","","","2025-02-16 22:29:52.167000","222","False","False","0.35"
"1","1","Bottomless Pit","sth","Near Mint","English","","","2025-02-16 22:29:52.167000","51","False","False","5.49"
"1","1","Bottomless Pit","sth","Near Mint","Spanish","","","2025-02-16 22:29:52.167000","51","False","False","5.49"
"1","1","Boulder Salvo","plst","Near Mint","English","","","2025-02-16 22:29:52.167000","OGW-102","False","False","0.35"
"2","2","Boulder Salvo","ogw","Near Mint","English","","","2025-02-16 22:29:20.027000","102","False","False",""
"1","1","Bound // Determined","dis","Near Mint","English","","","2025-03-04 03:01:15.437000","149","False","False","0.79"
"1","1","Boundary Lands Ranger","woe","Near Mint","English","","","2025-02-16 22:30:24.253000","123","False","False","0.02"
"4","4","Bounding Krasis","ori","Near Mint","Spanish","","","2025-02-16 22:29:20.027000","212","False","False",""
"1","1","Bounding Krasis","ori","Near Mint","English","","","2025-02-16 22:29:20.027000","212","False","False",""
"1","1","Bountiful Promenade","clb","Near Mint","Spanish","","","2025-02-16 22:29:20.027000","348","False","False",""
"1","1","Braided Net // Braided Quipu","lci","Near Mint","English","","","2025-04-20 01:45:12.920000","47","False","False","0.49"
"1","1","Brain Weevil","isd","Near Mint","English","","","2025-02-16 22:29:52.167000","91","False","False","0.35"
"1","1","Brainbite","arb","Near Mint","Spanish","","","2025-02-16 22:29:52.167000","18","False","False","0.35"
"6","6","Brainstone","mh2","Near Mint","English","","","2025-02-16 22:29:52.167000","223","False","False","0.35"
"2","2","Brainstone","mh2","Near Mint","English","foil","","2025-04-20 01:45:12.920000","223","False","False","0.49"
"1","1","Brainstorm","mmq","Near Mint","Spanish","","","2025-04-20 01:45:12.920000","61","False","False","4.49"
"1","1","Bramble Armor","vow","Near Mint","English","","","2025-02-16 22:29:52.167000","188","False","False","0.35"
"1","1","Bramble Familiar // Fetch Quest","woe","Near Mint","Spanish","foil","","2025-02-26 22:56:15.417000","283","False","False","1.49"
"1","1","Bramble Wurm","inr","Near Mint","English","","","2025-02-16 22:29:52.167000","187","False","False","0.35"
"1","1","Branching Bolt","ala","Near Mint","Spanish","","","2025-02-16 22:29:52.167000","158","False","False","0.35"
"3","3","Brandywine Farmer","ltr","Near Mint","English","","","2025-02-16 22:29:20.027000","155","False","False",""
"1","1","Brash Taunter","clb","Near Mint","English","","","2025-03-04 03:01:15.437000","782","False","False","1.49"
"1","1","Brave the Wilds","woe","Near Mint","English","","","2025-02-16 22:30:24.253000","165","False","False","0.02"
"1","1","Brazen Borrower // Petty Theft","woc","Near Mint","English","","","2025-02-16 22:29:52.167000","85","False","False","5.99"
"8","8","Brazen Dwarf","afr","Near Mint","English","","","2025-02-16 22:29:20.027000","134","False","False",""
"1","1","Breaching Leviathan","c14","Near Mint","English","","","2025-04-20 01:45:12.920000","12","False","False","7.49"
"7","7","Break Asunder","dmr","Near Mint","English","","","2025-02-16 22:29:20.027000","152","False","False",""
"1","1","Break Asunder","dmr","Near Mint","English","foil","","2025-02-16 22:29:20.027000","152","False","False",""
"1","1","Break the Ice","mh2","Near Mint","English","","","2025-02-16 22:29:52.167000","77","False","False","0.35"
"7","7","Break Ties","mh2","Near Mint","English","","","2025-02-16 22:29:20.027000","8","False","False",""
"1","1","Breaker of Armies","plst","Near Mint","English","","","2025-02-16 22:29:52.167000","BFZ-3","False","False","0.35"
"1","1","Breaking // Entering","dgm","Near Mint","Spanish","","","2025-04-20 01:45:12.920000","124","False","False","0.49"
"3","3","Breaking // Entering","dgm","Near Mint","English","","","2025-04-20 01:45:12.920000","124","False","False","0.49"
"1","1","Breaking of the Fellowship","ltr","Near Mint","English","","","2025-02-16 22:29:52.167000","117","False","False","0.35"
"1","1","Breath of Fury","c16","Near Mint","Spanish","","","2025-02-26 22:56:15.417000","121","False","False","14.99"
"2","2","Breath Weapon","clb","Near Mint","English","","","2025-02-16 22:29:20.027000","165","False","False",""
"1","1","Breathless Knight","mh2","Near Mint","English","","","2025-03-04 03:01:15.437000","187","False","False","0.35"
"7","7","Breathless Knight","mh2","Near Mint","English","","","2025-02-16 22:29:20.027000","187","False","False",""
"1","1","Breathless Knight","mh2","Near Mint","English","foil","","2025-02-16 22:29:20.027000","187","False","False",""
"2","2","Breya's Apprentice","mh2","Near Mint","English","","","2025-02-16 22:29:20.027000","117","False","False",""
"1","1","Briarbridge Tracker","mid","Near Mint","English","","","2025-02-16 22:29:52.167000","172","False","False","0.49"
"1","1","Bride's Gown","vow","Near Mint","English","","","2025-02-16 22:29:52.167000","4","False","False","0.35"
"1","1","Brilliant Spectrum","plst","Near Mint","English","","","2025-02-16 22:29:52.167000","BFZ-70","False","False","0.35"
"1","1","Brimaz, Blight of Oreskos","moc","Near Mint","English","","","2025-02-16 22:29:52.167000","89","False","False","1.79"
"1","1","Brimstone Volley","isd","Near Mint","English","","","2025-02-16 22:29:52.167000","132","False","False","0.35"
"1","1","Brine Comber // Brinebound Gift","vow","Near Mint","English","","","2025-02-16 22:29:52.167000","233","False","False","0.35"
"1","1","Bring Low","plst","Near Mint","English","","","2025-02-16 22:29:52.167000","KTK-103","False","False","0.35"
"1","1","Bring to Trial","rna","Near Mint","English","","","2025-02-16 22:29:20.027000","5","False","False",""
"1","1","Bringer of the Green Dawn","5dn","Near Mint","Spanish","","","2025-02-16 22:29:52.167000","83","False","False","1.49"
"1","1","Bringer of the Last Gift","lci","Near Mint","English","","","2025-04-24 02:34:44.070000","337","False","False","0.49"
"1","1","Brink of Disaster","m12","Near Mint","Spanish","","","2025-02-16 22:29:52.167000","84","False","False","0.35"
"1","1","Brink of Disaster","wwk","Near Mint","Italian","foil","","2025-02-16 22:29:52.167000","52","False","False","0.49"
"1","1","Bristling Boar","plst","Near Mint","English","","","2025-02-16 22:29:52.167000","M19-170","False","False","0.35"
"1","1","Bristling Boar","iko","Near Mint","English","","","2025-02-16 22:29:52.167000","146","False","False","0.35"
"1","1","Broken Bond","plst","Near Mint","English","","","2025-02-16 22:29:52.167000","DOM-157","False","False","0.79"
"1","1","Broken Wings","dmu","Near Mint","Spanish","foil","","2025-04-24 02:34:44.070000","157","False","False","0.49"
"1","1","Brokers Initiate","snc","Near Mint","Spanish","","","2025-02-16 22:29:20.027000","5","False","False",""
"1","1","Brokers Veteran","snc","Near Mint","Spanish","","","2025-02-16 22:29:20.027000","36","False","False",""
"3","3","Bronze Walrus","clb","Near Mint","Spanish","","","2025-02-16 22:29:20.027000","302","False","False",""
"2","2","Bronze Walrus","clb","Near Mint","English","","","2025-02-16 22:29:20.027000","302","False","False",""
"1","1","Brood Monitor","bfz","Near Mint","Spanish","","","2025-02-16 22:29:20.027000","164","False","False",""
"1","1","Broodhunter Wurm","plst","Near Mint","English","","","2025-02-16 22:29:52.167000","BFZ-171","False","False","0.35"
"1","1","Brudiclad, Telchor Engineer","mul","Near Mint","English","foil","","2025-02-16 22:29:52.167000","36","False","False","0.99"
"1","1","Bruenor Battlehammer","afr","Near Mint","English","foil","","2025-02-16 22:29:52.167000","219","False","False","1.49"
"1","1","Bruenor Battlehammer","afr","Near Mint","English","","","2025-05-16 14:15:47.940000","219","False","False","0.69"
"1","1","Bruenor Battlehammer","afr","Near Mint","English","","","2025-02-16 22:29:52.167000","337","False","False","0.69"
"1","1","Brutal Cathar // Moonrage Brute","mid","Near Mint","English","foil","","2025-02-16 22:29:52.167000","286","False","False","1.49"
"1","1","Brutal Expulsion","bfz","Near Mint","English","","","2025-02-16 22:29:20.027000","200","False","False",""
"2","2","Brute Strength","ogw","Near Mint","English","","","2025-03-03 01:06:27.250000","103","False","False",""
"1","1","Bucknard's Everfull Purse","plst","Near Mint","English","","","2025-02-16 22:29:52.167000","AFC-57","False","False","1.99"
"1","1","Bulette","afr","Near Mint","English","","","2025-02-16 22:29:20.027000","324","False","False",""
"8","8","Bulette","afr","Near Mint","English","","","2025-02-16 22:29:20.027000","173","False","False",""
"6","6","Bull's Strength","afr","Near Mint","English","","","2025-02-16 22:29:20.027000","174","False","False",""
"1","1","Bulwark Ox","dft","Near Mint","English","","","2025-06-08 17:41:23.943000","7","False","False","0.49"
"8","8","Burdened Aerialist","mh2","Near Mint","English","","","2025-02-16 22:29:52.167000","38","False","False","0.35"
"1","1","Burdened Aerialist","mh2","Near Mint","English","foil","","2025-02-16 22:29:52.167000","38","False","False","0.49"
"4","4","Burglar Rat","grn","Near Mint","Spanish","","","2025-02-16 22:29:52.167000","64","False","False","0.35"
"2","2","Buried Alive","ody","Near Mint","Spanish","","","2025-02-16 22:29:52.167000","118","False","False","2.29"
"2","2","Burly Breaker // Dire-Strain Demolisher","mid","Near Mint","English","","","2025-02-16 22:29:52.167000","174","False","False","0.35"
"1","1","Burning Anger","m15","Near Mint","Spanish","","","2025-02-16 22:29:52.167000","133","False","False","0.49"
"1","1","Burning Anger","m15","Near Mint","Spanish","","","2025-04-20 01:45:12.920000","133","False","False","0.59"
"1","1","Burning Earth","m14","Near Mint","English","","","2025-04-20 01:45:12.920000","130","False","False","4.99"
"4","4","Burning Hands","afr","Near Mint","English","","","2025-02-16 22:29:20.027000","135","False","False",""
"1","1","Burning Inquiry","plst","Near Mint","English","","","2025-04-24 02:34:44.070000","M10-128","False","False","8.49"
"3","3","Burning Vengeance","isd","Near Mint","English","","","2025-02-16 22:29:52.167000","133","False","False","0.35"
"1","1","Burnished Hart","ths","Near Mint","Spanish","","","2025-02-16 22:29:20.027000","213","False","False",""
"1","1","Burnished Hart","clb","Near Mint","English","","","2025-02-16 22:29:52.167000","303","False","False","0.35"
"1","1","Burnished Hart","plst","Near Mint","English","","","2025-02-16 22:29:52.167000","C15-248","False","False","0.35"
"1","1","Burnished Hart","c19","Near Mint","English","","","2025-03-04 03:01:15.437000","211","False","False","0.35"
"1","1","Burnished Hart","ths","Near Mint","Spanish","","","2025-03-04 03:01:15.437000","213","False","False","0.35"
"2","2","Burnished Hart","clb","Near Mint","Spanish","","","2025-02-16 22:29:52.167000","303","False","False","0.35"
"1","1","Burnout Bashtronaut","dft","Near Mint","English","","","2025-06-08 17:41:23.943000","115","False","False","0.49"
"1","1","Burst Lightning","plst","Near Mint","English","","","2025-02-16 22:29:52.167000","MM2-109","False","False","0.39"
"1","1","Butcher's Cleaver","isd","Near Mint","English","","","2025-02-16 22:29:52.167000","217","False","False","0.35"
"1","1","By Force","akh","Near Mint","Spanish","","","2025-02-16 22:29:52.167000","123","False","False","0.99"
"1","1","Cabal Coffers","ltc","Near Mint","English","foil","","2025-05-09 15:07:23.977000","360","False","False",""
"1","1","Cabal Initiate","mh2","Near Mint","English","foil","","2025-02-16 22:29:20.027000","78","False","False",""
"5","5","Cabal Initiate","mh2","Near Mint","English","","","2025-02-16 22:29:20.027000","78","False","False",""
"1","1","Cabal Patriarch","cmm","Near Mint","English","","","2025-05-24 13:34:17.540000","140","False","False","0.35"
"1","1","Cabal Ritual","tor","Near Mint","Spanish","","","2025-03-04 03:01:15.437000","51","False","False","17.99"
"1","1","Cabal Surgeon","tor","Near Mint","Spanish","","","2025-02-16 22:29:52.167000","52","False","False","0.35"
"7","7","Cackling Fiend","dmr","Near Mint","English","","","2025-02-16 22:29:52.167000","76","False","False","0.35"
"1","1","Cackling Imp","plst","Near Mint","English","","","2025-02-16 22:29:52.167000","DDC-41","False","False","0.35"
"1","1","Cacophodon","rix","Near Mint","English","","","2025-03-04 03:01:15.437000","123","False","False","0.35"
"1","1","Cadira, Caller of the Small","clb","Near Mint","Spanish","foil","","2025-02-16 22:29:52.167000","269","False","False","0.99"
"1","1","Cadira, Caller of the Small","clb","Near Mint","Spanish","","","2025-02-16 22:29:52.167000","417","False","False","0.35"
"1","1","Cadira, Caller of the Small","clb","Near Mint","Spanish","","","2025-02-16 22:29:52.167000","269","False","False","0.35"
"1","1","Cadira, Caller of the Small","clb","Near Mint","English","","","2025-02-16 22:29:52.167000","269","False","False","0.35"
"1","1","Caldaia Strongarm","snc","Near Mint","Spanish","","","2025-02-16 22:29:20.027000","138","False","False",""
"3","3","Calibrated Blast","mh2","Near Mint","English","","","2025-02-16 22:29:20.027000","118","False","False",""
"1","1","Call for Blood","bok","Near Mint","Spanish","","","2025-02-16 22:29:52.167000","63","False","False","0.35"
"2","2","Call of the Herd","dmr","Near Mint","English","","","2025-02-16 22:29:20.027000","153","False","False",""
"1","1","Call the Mountain Chocobo","fin","Near Mint","English","","","2025-06-28 17:20:53.137000","131","False","False","0.35"
"1","1","Call the Scions","plst","Near Mint","English","","","2025-02-16 22:29:52.167000","BFZ-165","False","False","0.35"
"1","1","Call to the Grave","scg","Near Mint","Spanish","","","2025-02-16 22:29:52.167000","58","False","False","1.79"
"1","1","Call to the Void","clb","Near Mint","Spanish","","","2025-02-16 22:29:20.027000","118","False","False",""
"1","1","Call to the Void","clb","Near Mint","English","","","2025-02-16 22:29:20.027000","118","False","False",""
"1","1","Caller of Gales","plst","Near Mint","English","","","2025-02-16 22:29:52.167000","CN2-103","False","False","0.35"
"2","2","Caller of Gales","zen","Near Mint","Spanish","","","2025-02-16 22:29:52.167000","43","False","False","0.35"
"1","1","Callous Dismissal","war","Near Mint","English","","","2025-03-04 03:01:15.437000","44","False","False","0.35"
"1","1","Campfire","cmm","Near Mint","English","","","2025-02-16 22:29:20.027000","374","False","False",""
"2","2","Campfire","cmm","Near Mint","Spanish","","","2025-02-16 22:29:52.167000","374","False","False","0.35"
"1","1","Campfire","cmm","Near Mint","English","","","2025-02-16 22:29:52.167000","374","False","False","0.35"
"1","1","Campus Renovation","mat","Near Mint","English","etched","","2025-02-16 22:30:24.253000","127","False","False","0.08"
"1","1","Cancel","m14","Near Mint","Spanish","","","2025-02-16 22:29:52.167000","45","False","False","0.35"
"1","1","Candlegrove Witch","mid","Near Mint","English","","","2025-02-16 22:29:52.167000","287","False","False","0.35"
"1","1","Candlekeep Inspiration","clb","Near Mint","Spanish","foil","","2025-02-16 22:29:20.027000","59","False","False",""
"1","1","Candlekeep Inspiration","clb","Near Mint","English","","","2025-02-16 22:29:20.027000","59","False","False",""
"2","2","Candlekeep Sage","clb","Near Mint","English","","","2025-02-16 22:29:20.027000","60","False","False",""
"3","3","Candlekeep Sage","clb","Near Mint","Spanish","","","2025-02-16 22:29:20.027000","60","False","False",""
"1","1","Candlelight Vigil","plst","Near Mint","English","","","2025-02-16 22:29:52.167000","GRN-3","False","False","0.35"
"1","1","Candletrap","mid","Near Mint","English","","","2025-02-16 22:29:52.167000","9","False","False","0.35"
"1","1","Canopy Gorger","ogw","Near Mint","English","","","2025-02-16 22:29:20.027000","129","False","False",""
"1","1","Canopy Spider","tmp","Played","English","","","2025-02-16 22:29:52.167000","217","False","False","0.35"
"1","1","Canyon Lurkers","plst","Near Mint","English","","","2025-02-16 22:29:52.167000","KTK-105","False","False","0.35"
"1","1","Canyon Minotaur","con","Near Mint","Spanish","","","2025-02-16 22:29:52.167000","60","False","False","0.35"
"2","2","Caprichrome","mh2","Near Mint","English","","","2025-02-16 22:29:20.027000","9","False","False",""
"1","1","Captain Howler, Sea Scourge","dft","Near Mint","English","","","2025-06-08 17:41:23.943000","194","False","False","0.49"
"1","1","Captain Lannery Storm","mul","Near Mint","English","foil","","2025-02-16 22:29:52.167000","20","False","False","0.49"
"2","2","Captain of Umbar","ltr","Near Mint","English","","","2025-02-16 22:29:20.027000","45","False","False",""
"1","1","Captain Ripley Vance","mh2","Near Mint","English","","","2025-02-16 22:29:20.027000","119","False","False",""
"1","1","Captivating Crew","xln","Near Mint","Spanish","","","2025-03-04 03:01:15.437000","137","False","False","0.59"
"1","1","Captivating Gyre","m20","Near Mint","English","","","2025-02-16 22:29:52.167000","51","False","False","0.35"
"1","1","Captive Audience","rna","Near Mint","English","","","2025-03-04 03:01:15.437000","160","False","False","5.99"
"1","1","Captive Weird // Compleated Conjurer","mom","Near Mint","English","foil","","2025-02-16 22:29:52.167000","49","False","False","0.49"
"6","6","Captured by Lagacs","mh2","Near Mint","English","","","2025-02-16 22:29:20.027000","188","False","False",""
"3","3","Captured Sunlight","arb","Near Mint","Spanish","","","2025-02-16 22:29:52.167000","66","False","False","0.39"
"1","1","Captured Sunlight","arb","Near Mint","English","","","2025-02-16 22:29:52.167000","66","False","False","0.39"
"2","2","Carapace Forger","som","Near Mint","English","","","2025-02-16 22:29:52.167000","114","False","False","0.35"
"3","3","Carapace Forger","som","Near Mint","Spanish","","","2025-02-16 22:29:52.167000","114","False","False","0.35"
"2","2","Caravan Hurda","zen","Near Mint","Spanish","","","2025-02-16 22:29:52.167000","5","False","False","0.35"
"2","2","Carefree Swinemaster","clb","Near Mint","English","","","2025-02-16 22:29:52.167000","219","False","False","0.35"
"3","3","Carefree Swinemaster","clb","Near Mint","Spanish","","","2025-02-16 22:29:52.167000","219","False","False","0.35"
"2","2","Caress of Phyrexia","nph","Near Mint","Spanish","","","2025-02-16 22:29:52.167000","53","False","False","0.35"
"2","2","Carnage Altar","zen","Near Mint","Spanish","","","2025-02-16 22:29:52.167000","198","False","False","0.35"
"1","1","Carnelian Orb of Dragonkind","clb","Near Mint","Spanish","","","2025-05-13 23:14:21.907000","166","False","False",""
"3","3","Carnelian Orb of Dragonkind","clb","Near Mint","English","","","2025-02-16 22:29:20.027000","166","False","False",""
"2","2","Carrion Call","som","Near Mint","Spanish","","","2025-02-16 22:29:52.167000","115","False","False","0.35"
"1","1","Carrion Crow","m15","Near Mint","Spanish","","","2025-02-16 22:29:52.167000","88","False","False","0.35"
"1","1","Carrion Feeder","mh1","Near Mint","English","","","2025-03-04 03:01:15.437000","81","False","False","2.79"
"1","1","Carrion Imp","plst","Near Mint","English","","","2025-02-16 22:29:52.167000","RNA-66","False","False","0.35"
"2","2","Carrion Thrash","ala","Near Mint","Spanish","","","2025-02-16 22:29:52.167000","162","False","False","0.35"
"1","1","Cartel Aristocrat","gtc","Near Mint","English","","","2025-03-04 03:01:15.437000","150","False","False","0.35"
"1","1","Carth the Lion","mh2","Near Mint","English","","","2025-02-16 22:29:20.027000","418","False","False",""
"1","1","Cartographer","ody","Good (Lightly Played)","Spanish","","","2025-02-16 22:29:52.167000","232","False","False","0.35"
"1","1","Cartographer's Hawk","cmm","Near Mint","English","","","2025-05-24 13:34:17.540000","18","False","False","0.39"
"1","1","Cartographer's Survey","vow","Near Mint","English","","","2025-02-16 22:29:52.167000","190","False","False","0.35"
"4","4","Cartouche of Solidarity","akh","Near Mint","Spanish","","","2025-02-16 22:29:52.167000","7","False","False","0.35"
"1","1","Cartouche of Solidarity","plst","Near Mint","English","","","2025-02-16 22:29:52.167000","AKH-7","False","False","0.39"
"1","1","Cartouche of Zeal","plst","Near Mint","English","","","2025-02-16 22:29:52.167000","AKH-124","False","False","0.35"
"1","1","Cast Down","clb","Near Mint","English","","","2025-05-24 13:34:17.540000","119","False","False","0.69"
"1","1","Cast Out","drc","Near Mint","English","","","2025-04-24 02:34:44.070000","64","False","False","0.35"
"1","1","Castaway's Despair","plst","Near Mint","English","","","2025-02-16 22:29:52.167000","XLN-281","False","False","0.35"
"1","1","Castle Locthwain","eld","Near Mint","Spanish","","","2025-04-20 01:45:12.920000","241","False","False","5.49"
"1","1","Castle Locthwain","eld","Near Mint","English","","","2025-03-12 01:47:35.117000","241","False","False","4.99"
"1","1","Castle Locthwain","eld","Near Mint","Spanish","","","2025-03-16 04:06:20.140000","241","False","False","4.99"
"1","1","Catalog","plst","Near Mint","English","","","2025-02-16 22:29:52.167000","SOI-51","False","False","0.35"
"2","2","Cathar Commando","fdn","Near Mint","English","","","2025-02-26 22:56:15.417000","139","False","False","0.35"
"1","1","Cathar's Companion","plst","Near Mint","English","","","2025-02-16 22:29:52.167000","SOI-9","False","False","0.35"
"1","1","Cathartic Reunion","plst","Near Mint","English","","","2025-02-16 22:29:52.167000","KLD-109","False","False","0.39"
"1","1","Cathartic Reunion","kld","Near Mint","Spanish","","","2025-03-04 03:01:15.437000","109","False","False","0.39"
"2","2","Cathedral Membrane","nph","Near Mint","Spanish","","","2025-02-16 22:29:52.167000","5","False","False","0.35"
"2","2","Cathodion","mm2","Near Mint","English","","","2025-02-16 22:29:20.027000","203","False","False",""
"1","1","Cauldron Haze","eve","Near Mint","English","","","2025-05-11 20:52:26.510000","84","False","False","2.99"
"1","1","Cautery Sliver","plc","Near Mint","Spanish","","","2025-02-16 22:30:08.180000","154","False","False","0.25"
"1","1","Cavalcade of Calamity","rna","Near Mint","English","","","2025-03-04 03:01:15.437000","95","False","False","0.59"
"1","1","Caves of Chaos Adventurer","clb","Near Mint","Spanish","","","2025-02-16 22:29:52.167000","167","False","False","0.49"
"3","3","Caves of Koilos","ori","Near Mint","English","","","2025-05-24 00:21:39.630000","245","False","False",""
"1","1","Caves of Koilos","pdmu","Near Mint","English","","","2025-02-26 22:56:15.417000","244p","False","False","1.79"
"1","1","Celestial Armor","fdn","Near Mint","English","","","2025-06-08 17:41:23.943000","5","False","False","0.49"
"1","1","Celestial Crusader","plst","Near Mint","English","","","2025-02-16 22:29:52.167000","C14-68","False","False","0.35"
"1","1","Celestial Flare","plst","Near Mint","English","","","2025-02-16 22:29:52.167000","ORI-8","False","False","0.35"
"1","1","Celestial Regulator","snc","Near Mint","Spanish","","","2025-02-16 22:29:20.027000","174","False","False",""
"4","4","Celestial Unicorn","afr","Near Mint","English","","","2025-02-16 22:29:52.167000","5","False","False","0.35"
"3","3","Celestial Unicorn","afr","Near Mint","English","","","2025-02-16 22:29:52.167000","301","False","False","0.35"
"2","2","Celestial Unicorn","afr","Near Mint","English","foil","","2025-03-04 03:01:15.437000","5","False","False","0.49"
"2","2","Cellar Door","isd","Near Mint","English","","","2025-02-16 22:29:52.167000","218","False","False","0.35"
"1","1","Cemetery Desecrator","vow","Near Mint","English","","","2025-03-21 22:46:03.253000","100","False","False","0.99"
"1","1","Cemetery Prowler","vow","Near Mint","English","","","2025-03-21 22:46:03.253000","191","False","False","5.99"
"1","1","Cemetery Reaper","m10","Near Mint","English","","","2025-03-23 19:04:57.050000","87","False","False","1.29"
"1","1","Cemetery Reaper","mic","Near Mint","English","","","2025-02-16 22:29:52.167000","108","False","False","2.29"
"1","1","Cemetery Reaper","m10","Near Mint","English","","","2025-05-16 21:18:15.390000","87","False","False",""
"1","1","Cemetery Reaper","mic","Near Mint","English","","","2025-03-23 19:04:57.050000","108","False","False","1.79"
"1","1","Cephalid Looter","ody","Near Mint","Spanish","","","2025-02-16 22:29:52.167000","72","False","False","0.35"
"3","3","Ceremonious Rejection","kld","Near Mint","Spanish","","","2025-02-16 22:29:52.167000","40","False","False","0.35"
"1","1","Ceta Sanctuary","apc","Near Mint","Spanish","","","2025-02-16 22:29:52.167000","20","False","False","0.35"
"2","2","Chain Devil","clb","Near Mint","Spanish","","","2025-02-16 22:29:20.027000","120","False","False",""
"3","3","Chain Devil","clb","Near Mint","English","","","2025-02-16 22:29:20.027000","120","False","False",""
"1","1","Chain Lightning","dmr","Near Mint","Spanish","foil","","2025-05-24 13:34:17.540000","113","False","False","0.49"
"1","1","Chain Lightning","dmr","Near Mint","English","","","2025-05-24 13:34:17.540000","316","False","False","0.79"
"1","1","Chain Reaction","nec","Near Mint","Spanish","","","2025-05-24 13:34:17.540000","103","False","False","0.49"
"6","6","Chained Throatseeker","nph","Near Mint","Spanish","","","2025-02-16 22:29:52.167000","30","False","False","0.35"
"3","3","Chainer, Nightmare Adept","mh2","Near Mint","English","","","2025-02-16 22:29:20.027000","289","False","False",""
"4","4","Chainer's Edict","dmr","Near Mint","English","","","2025-02-16 22:29:52.167000","78","False","False","0.35"
"1","1","Chainsaw","dsk","Near Mint","English","","","2025-04-20 01:45:12.920000","128","False","False","0.59"
"1","1","Chamber Sentry","grn","Near Mint","Spanish","","","2025-02-16 22:29:52.167000","232","False","False","0.49"
"4","4","Chamber Sentry","grn","Near Mint","English","","","2025-02-16 22:29:52.167000","232","False","False","0.49"
"1","1","Champion of Rhonas","akh","Near Mint","Spanish","","","2025-02-16 22:29:52.167000","159","False","False","0.59"
"2","2","Chance Encounter","mh2","Near Mint","English","","","2025-02-16 22:29:20.027000","277","False","False",""
"4","4","Chancellor of the Dross","nph","Near Mint","English","foil","","2025-05-24 13:34:17.540000","54","False","False","1.99"
"1","1","Chancellor of the Forge","nph","Near Mint","Spanish","","","2025-02-16 22:29:52.167000","81","False","False","0.99"
"2","2","Chancellor of the Tangle","nph","Near Mint","Spanish","","","2025-02-16 22:29:52.167000","106","False","False","0.69"
"1","1","Chandra, Fire of Kaladesh // Chandra, Roaring Flame","pori","Near Mint","Spanish","foil","","2025-04-20 01:45:12.920000","135s","False","False","6.49"
"1","1","Change of Fortune","vow","Near Mint","English","","","2025-06-08 17:41:23.943000","150","False","False","0.49"
"4","4","Chaos Channeler","afr","Near Mint","English","","","2025-02-16 22:29:20.027000","136","False","False",""
"1","1","Chaos Dragon","afc","Near Mint","English","","","2025-02-16 22:29:52.167000","30","False","False","3.99"
"1","1","Chaos Warp","moc","Near Mint","English","","","2025-03-04 03:01:15.437000","273","False","False","0.79"
"1","1","Chaos Warp","nec","Near Mint","Spanish","","","2025-05-24 13:34:17.540000","104","False","False","0.79"
"1","1","Chaos Warp","nec","Near Mint","English","","","2025-03-04 03:01:15.437000","104","False","False","0.79"
"1","1","Charcoal Diamond","clb","Near Mint","Spanish","","","2025-02-16 22:29:20.027000","442","False","False",""
"3","3","Charcoal Diamond","clb","Near Mint","English","","","2025-02-16 22:29:20.027000","305","False","False",""
